1492 2407
167 63 213 95 50
578 70 684 95 STORI
690 69 732 94 Es
758 70 860 94 FROM
886 70 1029 94 CICERO.

168 158 320 198 interea
362 159 510 206 statim,
557 159 766 198 admonitu
811 159 1084 211 Allobrogum,
1132 158 1174 199 C.
1221 159 1442 212 Sulpicium

167 227 401 273 praetorem,
429 221 575 260 fortem
598 221 740 268 virum,
769 221 869 268 misi,
897 221 965 272 qui
993 234 1043 260 ex
1068 221 1235 261 aedibus
1259 221 1439 274 Cethegi,

167 284 199 322 si
220 283 317 334 quid
343 283 514 322 telorum
541 290 654 331 esset,
678 284 853 322 efferret:
884 296 934 322 ex
960 283 1105 334 quibus
1131 283 1198 323 ille
1221 284 1442 322 maximum

126 360 158 385 20
168 346 337 384 sicarum
381 358 592 383 numerum
637 351 677 383 et
719 345 945 397 gladiorum
991 345 1149 384 extulit.
1227 346 1442 385 Introduxi

168 407 424 446 Vulturcium
447 407 532 446 sine
553 407 689 455 Gallis,
712 407 831 446 fidem
855 408 891 446 ei
917 407 1118 459 publicam
1144 409 1254 447 iussu
1280 415 1442 447 senatus

166 469 269 516 dedi,
303 469 487 508 hortatus
526 483 623 517 sum,
660 475 706 508 ut
745 483 800 517 ea,
823 483 925 520 quae
959 470 1088 518 sciret,
1124 470 1209 509 sine
1242 476 1354 509 metu
1386 471 1442 509 in-

165 531 326 570 dicaret.
387 531 490 570 Tum
519 531 595 579 ille,
625 545 715 569 cum
744 532 814 570 vix
843 545 883 570 se
913 545 963 570 ex
982 546 1128 584 magno
1153 532 1297 572 timore
1319 546 1442 572 recre-

166 599 280 640 asset,
307 593 413 632 dixit
441 607 464 631 a
494 594 536 632 P.
564 593 736 632 Lentulo
765 607 806 632 se
835 594 981 633 habere
1009 594 1061 632 ad
1091 594 1306 633 Catilinam
1334 609 1441 634 man-

126 655 262 694 25data
291 662 332 694 et
360 656 525 703 litteras,
558 662 605 694 ut
634 669 839 695 servorum
872 656 1070 708 praesidio
1101 662 1284 696 uteretur
1317 664 1358 696 et
1390 657 1442 697 ad

168 717 321 757 Urbem
335 732 454 769 quam
475 718 649 769 primum
671 732 760 757 cum
781 719 960 757 exercitu
985 718 1208 758 accederet:
1238 719 1281 758 id
1305 726 1441 758 autem

166 794 212 819 eo
251 781 423 828 consilio,
465 787 522 827 ut,
559 794 649 819 cum
688 780 841 820 Urbem
880 781 1160 829 incendissent,
1202 781 1441 833 caedemque

165 843 364 881 infinitam
402 843 549 881 civium
588 843 783 890 fecissent,
825 849 984 894 praesto
1028 849 1133 882 esset
1175 843 1252 891 ille,
1293 844 1363 896 qui
1401 849 1443 882 et

166 905 366 957 fugientes
396 906 607 956 exciperet,
631 911 672 944 et
700 919 741 944 se
770 919 860 944 cum
887 906 948 944 his
974 906 1138 944 urbanis
1161 905 1329 944 ducibus
1355 919 1442 945 con-

124 982 156 1008 30
166 968 360 1020 iungeret.
426 967 653 1006 Introducti
685 974 821 1006 autem
850 967 956 1006 Galli
985 967 1264 1006 iusiurandum
1296 968 1372 1007 sibi
1401 974 1443 1007 et

166 1030 321 1069 litteras
354 1044 377 1068 a
412 1030 594 1077 Lentulo,
630 1029 818 1082 Cethego,
855 1030 1015 1069 Statilio
1048 1029 1100 1068 ad
1134 1043 1247 1068 suam
1279 1036 1441 1082 gentem

164 1093 259 1131 data
289 1106 372 1132 esse
401 1092 603 1140 dixerunt,
626 1098 747 1144 atque
776 1093 833 1130 ita
862 1093 936 1131 sibi
966 1093 1015 1131 ab
1040 1092 1101 1130 his
1126 1098 1166 1131 et
1191 1106 1215 1130 a
1239 1092 1281 1131 L.
1305 1092 1441 1132 Cassio

165 1169 248 1194 esse
268 1155 568 1207 praescriptum,
584 1162 631 1193 ut
647 1155 873 1206 equitatum
893 1155 933 1192 in
955 1154 1114 1193 Italiam
1127 1168 1248 1206 quam
1267 1155 1441 1206 primum

165 1219 374 1257 mitterent
384 1234 393 1266 3
413 1217 616 1269 pedestres
637 1217 712 1256 sibi
732 1217 862 1268 copias
883 1231 962 1256 non
975 1216 1202 1255 defuturas:
1224 1216 1441 1255 Lentulum

123 1293 155 1318 35
165 1288 300 1320 autem
321 1281 396 1320 sibi
417 1280 667 1319 confirmasse
688 1293 738 1318 ex
764 1279 857 1318 fatis
879 1279 1086 1330 Sibyllinis
1106 1278 1441 1330 haruspicumque

165 1344 372 1395 responsis,
414 1356 455 1381 se
494 1356 578 1381 esse
615 1342 781 1381 tertium
815 1341 929 1379 illum
961 1340 1202 1389 Cornelium,
1236 1341 1287 1380 ad
1321 1355 1441 1392 quem

163 1419 332 1458 regnum
371 1405 489 1444 huius
527 1405 638 1444 urbis
675 1410 797 1455 atque
835 1404 1047 1455 imperium
1091 1404 1299 1455 pervenire
1337 1410 1442 1442 esset

164 1483 331 1507 necesse.
383 1468 498 1506 Hanc
514 1474 651 1506 autem
667 1466 845 1519 Cethego
866 1480 956 1504 cum
972 1466 1114 1505 ceteris
1129 1466 1440 1505 controversiam

163 1531 285 1570 fuisse
319 1531 521 1578 dixerunt,
556 1529 665 1581 quod
703 1529 875 1568 Lentulo
914 1534 955 1567 et
991 1528 1080 1567 aliis
1111 1528 1272 1567 caedem
1306 1527 1441 1567 Satur-

122 1608 154 1632 40
164 1593 320 1632 nalibns
358 1593 443 1632 fieri
481 1598 603 1643 atque
643 1591 796 1631 Urbem
834 1590 993 1630 incendi
1034 1590 1219 1643 placeret,
1261 1589 1440 1643 Cethego

163 1656 332 1694 nimium
352 1655 394 1694 id
414 1655 580 1708 longum
598 1654 738 1694 videri.

463 1790 569 1829 LIX.
602 1789 733 1841 Proofs
761 1789 806 1840 of
827 1788 922 1840 quill}
943 1787 1138 1840 produced.

218 1897 276 1935 Ac
296 1910 346 1935 ne
366 1895 532 1948 longum
553 1895 616 1942 sit,
640 1894 826 1943 Quirites,
850 1893 1017 1933 tabellas
1043 1891 1212 1944 proferri
1238 1889 1435 1938 iussimus,

163 1972 264 2010 quae
287 1973 311 1997 a
337 1971 496 2010 quoque
522 1957 759 1996 dicebantur
784 1956 913 1995 datae.
983 1955 1165 1993 Primum
1191 1952 1438 1992 ostendimus

163 2020 342 2073 Cethego
363 2021 540 2073 signum:
570 2019 768 2072 cognovit.
828 2018 912 2057 Nos
939 2018 1066 2056 linum
1086 2015 1316 2055 incidimus:
1346 2015 1439 2067 legi-

163 2097 260 2122 mus.
320 2083 418 2121 Erat
437 2082 631 2133 scriptum
650 2081 774 2133 ipsius
794 2094 916 2119 manu
936 2079 1201 2131 Allobrogum
1220 2077 1378 2117 senatui
1398 2082 1439 2116 et

138 2145 321 2196 spopulQ
351 2158 445 2192 sese,
475 2158 577 2195 quae
604 2157 741 2183 eorum
770 2143 913 2195 legatis
939 2142 1220 2188 confirmasset,
1250 2153 1334 2179 esse
1363 2139 1439 2178 fac-

163 2216 316 2245 turum:
348 2220 470 2254 orare,
488 2212 536 2244 ut
554 2207 651 2244 item
667 2205 725 2243 illi
746 2205 932 2251 facerent,
951 2217 1051 2255 quae
1067 2203 1142 2242 sibi
1162 2203 1285 2255 legati
1300 2215 1437 2242 eorum
