1492 2407
466 73 618 98 sronms
645 73 745 98 mon
772 74 915 99 menno.
1282 67 1323 100 19

276 184 313 207 ’ἱ

369 221 757 258 le11.*GREEK
790 223 1005 258 HEROES.

109 324 202 365 Non
236 337 310 379 ego
343 325 422 364 iam
456 325 763 377 Epaminondae,
802 339 877 364 non
920 324 1116 364 Leonidae
1156 332 1322 365 mortem

56 387 174 428 huius
203 387 322 427 morti
347 394 567 439 antepono:
595 401 763 439 quorum
788 387 889 426 alter
912 401 1000 426 cum
1028 387 1184 426 vicisset
1212 387 1323 426 Lace-

55 449 285 490 daemonios
317 449 424 502 apud
461 450 717 496 Mantineam,
748 457 868 501 atque
904 451 984 501 ipse
1017 450 1128 502 gravi
1163 449 1324 488 vulnere

56 512 275 552 exanimari
305 525 345 551 se
367 512 531 559 videret,
555 519 601 550 nt
632 513 802 563 primum
822 511 1007 563 dispexit,
1031 512 1228 563 quaesivit
1253 511 1324 550 sal-

58 588 182 614 vusne
215 582 319 614 esset
352 574 523 626 clipeus?
578 574 679 613 Cum
710 574 863 613 salvum
897 588 979 613 esse
1013 575 1150 613 flentes
1179 574 1238 612 sui
1269 587 1350 612 re-5»

56 636 320 689 spondissent,
349 637 505 688 rogavit
534 643 715 675 essentne
746 636 820 674 fusi
854 636 1008 674 hostes?
1075 636 1253 687 Cumque
1284 635 1324 674 id

57 713 226 752 quoque,
250 706 296 738 ut
315 699 510 750 cupiebat,
529 698 756 745 audivisset,
773 698 887 737 evelli
911 699 1025 737 iussit
1041 712 1125 736 eam
1142 711 1220 749 qua
1240 704 1326 736 erat

58 762 272 801 transfixus
290 761 454 800 hastam.
503 761 563 799 Ita
579 761 706 799 multo
721 761 911 813 sanguine
930 760 1100 812 profuso,
1117 761 1157 798 in
1174 760 1327 799 laetitia

58 831 100 864 et
128 825 169 863 in
190 824 356 862 victoria
379 831 439 862 est
469 831 659 862 mortuus.
721 822 915 862 Leonidas
937 830 1082 869 autem,
1112 836 1181 861 rex
1211 821 1325 861 Lace-

57 886 369 932 daemoniorum,
391 899 431 924 se
459 885 500 923 in
526 885 803 936 Thermopylis
825 892 1101 935 trecentosque
1127 897 1202 931 eos,
1226 897 1325 935 quos
1338 899 1366 923 10

59 949 254 988 eduxerat
273 949 427 1000 Sparta,
450 961 539 986 cum
560 955 662 986 esset
683 948 884 999 proposita
903 954 973 986 aut
993 947 1088 999 fuga
1108 947 1236 998 turpis
1255 952 1327 985 aut

58 1011 230 1064 gloriosa
267 1024 383 1057 mom,
424 1011 610 1062 opposuit
649 1010 837 1048 hostibus.
917 1009 1144 1048 Praeclarae
1178 1014 1326 1047 mortes

59 1080 155 1113 sunt
187 1073 476 1125 imperatoriae.
551 1072 779 1123 Philosophi
818 1079 952 1111 autem
987 1072 1026 1110 in
1060 1071 1140 1110 suis
1172 1070 1327 1110 lectulis

61 1136 295 1189 plerumque
315 1135 551 1174 moriuntur.

355 1289 758 1325 xlx—SPARTAN
790 1287 1036 1323 HEROISM.

117 1393 197 1434 Sed
216 1393 313 1445 quid
338 1407 412 1445 ego
438 1393 640 1432 Socratem
668 1398 739 1430 aut
763 1391 1060 1437 Theramenem,
1083 1395 1329 1441 praestantes

63 1457 169 1496 viros
207 1455 370 1494 virtutis
408 1462 449 1494 et
490 1454 707 1506 sapientiae
749 1453 884 1505 gloria,
925 1464 1199 1498 commemoro,
1240 1464 1330 1489 cum

64 1518 400 1559 Lacedaemonius
415 1516 587 1568 quidam,
606 1516 717 1554 cuius
733 1528 782 1554 ne
796 1527 938 1554 nomen
951 1513 1113 1565 quidem
1126 1512 1330 1565 proditum

64 1587 135 1629 est,
166 1587 337 1620 mortem
366 1586 480 1618 tanto
509 1592 626 1629 opere
655 1577 947 1628 contempserit,
973 1583 1029 1622 ut,
1052 1589 1142 1614 cum
1164 1574 1215 1613 ad
1244 1587 1331 1613 eam

64 1643 278 1682 duceretur
315 1641 526 1680 damnatus
563 1641 614 1679 ab
651 1639 820 1691 Ephoris
857 1645 899 1678 et
935 1644 1038 1677 esset
1069 1637 1185 1676 vultu
1215 1635 1356 1674 hilaris

64 1711 186 1756 atque
215 1704 330 1751 laeto,
358 1703 604 1754 dixisset-que
629 1702 664 1740 ei
693 1701 855 1753 quidam
884 1700 1077 1747 inimicus,
1112 1703 1134 1720 “
1149 1698 1333 1738 Contem-

66 1767 179 1806 nisne
199 1766 306 1819 leges
326 1765 549 1818 LycurgiY’
579 1763 845 1815 responderit:
879 1767 900 1783 ‘⁸
914 1762 998 1814 Ego
1018 1774 1112 1800 vero
1131 1760 1188 1798 illi
1212 1759 1334 1798 maxi-

66 1843 173 1869 mam
200 1829 371 1882 gratiam
402 1827 536 1874 habeo,
559 1826 626 1877 qui
652 1839 715 1864 me
735 1839 781 1864 ea
800 1837 926 1876 poena
950 1823 1191 1869 multaverit,
1214 1834 1334 1873 quam

67 1892 152 1932 sine
176 1890 428 1930 mutuatione
449 1896 490 1927 et
514 1889 598 1928 sine
618 1901 779 1926 versura
805 1900 958 1938 possem
983 1885 1198 1924 dissolvere
1211 1883 1241 1923 ’'.
1299 1882 1334 1922 O

67 1954 200 1994 virum
219 1953 364 2005 Sparta
382 1951 566 2004 dignum!
596 1957 643 1989 ut
671 1949 767 1988 mihi
794 1948 966 2000 quidem,
988 1948 1058 1999 qui
1082 1953 1165 1986 tam
1189 1958 1334 1998 magno
1345 1960 1377 1986 ιο

67 2016 202 2055 animo
229 2015 362 2062 fuerit,
394 2015 583 2053 innocens
611 2012 823 2051 damnatus
856 2023 939 2050 esse
968 2009 1162 2048 videatur.
1220 2007 1336 2047 Tales

68 2077 378 2118 innumerabiles
406 2082 542 2115 nostra
570 2075 710 2114 civitas
737 2073 843 2112 tulit.
915 2071 994 2112 Sed
1022 2071 1119 2124 quid
1147 2070 1268 2110 duces
1296 2075 1338 2109 et

69 2140 267 2193 principes
305 2138 517 2186 nominem,
559 2150 648 2176 cum
686 2136 862 2188 legiones
898 2134 1045 2174 scribat
1084 2133 1185 2173 Cato
1221 2144 1337 2183 saepe

68 2201 217 2242 alacres
246 2202 288 2241 in
319 2215 411 2241 eum
440 2200 571 2240 locum
600 2198 796 2251 profectas
826 2196 933 2237 unde
963 2195 1160 2236 redituras
1187 2207 1229 2234 se
1259 2207 1338 2234 non
