1492 2407
140 78 160 108 4
168 78 185 108 4
554 84 707 108 s'romsss
733 85 835 109 FROM
862 85 1006 110 CICERO.

94 172 225 200 socum
256 161 463 200 audissent
494 161 750 199 simulacrum
782 161 888 199 Iovis
921 161 1075 212 Optimi
1107 161 1278 201 Maximi
1309 161 1418 202 dedi-

135 230 279 271 catum,
317 224 469 275 legatos
507 223 727 270 mitterent,
769 223 837 274 qui
870 236 961 262 cum
995 224 1136 262 ceteris
1166 225 1285 264 rebus
1315 225 1417 265 illud

134 299 293 337 quoque
321 286 512 324 eximium
539 298 583 323 ac
604 285 917 336 pulcherrimum
937 285 1089 324 donum
1108 286 1150 324 in
1171 286 1417 339 Capitolium

133 349 331 387 afferrent.
392 348 583 386 Pervenit
603 361 664 386 res
684 347 736 386 ad
760 348 876 386 istius
896 361 1022 396 aures,
1045 349 1177 388 nescio
1201 350 1413 401 quomodo,

134 424 227 448 nam
260 424 332 448 rex
366 410 539 448 celatum
572 409 765 448 voluerat.
826 410 908 449 Iste
939 403 1043 462 petit
1076 425 1099 449 a
1132 425 1225 463 rege
1254 418 1295 451 et
1324 426 1416 452 eum

93 485 126 510 55
135 472 315 523 pluribus
343 472 473 510 verbis
494 478 619 525 rogat,
642 478 689 510 ut
714 472 756 510 id
776 472 827 510 ad
847 486 888 511 se
908 473 1064 512 mittat:
1094 487 1238 525 cupere
1257 488 1299 514 se
1318 475 1417 514 dicit

134 534 337 585 inspicere,
357 547 487 585 neque
507 548 547 572 se
563 534 650 572 aliis
667 534 831 573 videndi
846 541 1089 586 potestatem
1102 549 1186 575 esse
1201 536 1413 576 facturum.

134 597 369 644 Antiochus,
402 597 471 647 qui
501 597 634 635 animo
664 602 705 635 et
733 597 877 648 puerili
901 603 1005 637 esset
1032 604 1073 637 et
1098 599 1219 651 regio,
1242 599 1342 638 nihil
1366 599 1416 638 de

134 658 250 697 istius
276 659 535 710 improbitate
562 659 785 710 suspicatus
813 666 890 698 est:
921 660 1093 711 imperat
1112 661 1204 708 suis,
1227 666 1276 699 ut
1303 661 1346 700 id
1374 661 1416 700 in

134 722 380 773 praetorium
395 721 624 760 involutum
645 735 765 772 quam
786 722 1052 762 occultissime
1071 722 1287 762 deferrent.
1328 723 1416 772 Quo

93 789 397 835 soposteaquam
425 784 654 822 attulerunt
688 784 985 836 involucrisque
1016 785 1173 824 reiectis
1203 787 1416 825 constitue-

133 851 240 894 runt,
264 846 340 885 iste
361 846 531 885 clamare
551 846 691 897 coepit,
716 846 881 898 dignam
905 860 989 885 rem
1010 861 1094 886 esse
1114 861 1238 900 regno
1263 848 1413 899 Syriae,

132 909 298 960 dignam
331 909 442 961 regio
476 922 650 956 munere,
688 909 853 961 dignam
888 909 1097 960 Capitolio.
1171 909 1288 958 Quod
1327 923 1417 949 cum

133 972 229 1010 satis
250 972 329 1010 iam
349 972 596 1023 perspexisse
613 971 828 1019 videret-ur,
849 972 989 1010 tollere
1004 972 1213 1024 incipiunt,
1233 978 1280 1011 ut
1298 972 1418 1011 refer-

133 1040 234 1073 rent.
295 1034 377 1073 Iste
402 1034 461 1072 ait
486 1047 527 1073 se
551 1034 653 1073 velle
680 1034 780 1073 illud
807 1035 930 1072 etiam
953 1040 1076 1086 atque
1097 1035 1219 1074 etiam
1243 1035 1418 1074 conside-

86 1110 123 1135 65
135 1110 240 1136 rare:
271 1110 524 1148 nequaquam
550 1110 591 1135 se
616 1110 699 1135 esse
723 1097 932 1135 satiatum:
963 1097 1076 1136 iubet
1101 1097 1190 1136 illos
1213 1097 1417 1137 discedere

134 1164 175 1198 et
195 1159 477 1198 candelabrum
498 1159 733 1210 relinquere.
793 1159 858 1198 Sic
878 1159 937 1197 illi
957 1165 1046 1198 tum
1065 1159 1203 1199 inanes
1226 1159 1279 1198 ad
1301 1160 1417 1198 Anti-

134 1221 278 1260 ochum
298 1228 568 1260 revertuntur.

188 1286 222 1323 3.
255 1284 344 1323 Rex
382 1284 511 1336 primo
549 1284 649 1323 nihil
687 1290 877 1332 metuere,
911 1283 1012 1323 nihil
1050 1284 1252 1336 suspicari.
1319 1284 1416 1323 Dies

132 1359 248 1394 unus,
271 1346 383 1394 alter,
426 1346 578 1398 plures:
626 1360 707 1385 non
745 1346 896 1385 referri.
956 1347 1061 1385 Tum
1098 1346 1228 1385 mittit
1260 1359 1332 1385 rex
1365 1346 1417 1385 ad

92 1422 124 1449 70
134 1409 267 1456 istum,
291 1409 323 1447 si
353 1409 428 1447 sibi
458 1408 654 1456 videatur,
677 1414 724 1447 ut
753 1408 907 1447 reddat.
967 1408 1088 1447 Iubet
1116 1408 1192 1447 iste
1217 1407 1416 1459 posterius

132 1471 184 1509 ad
213 1485 254 1510 se
283 1471 442 1510 reverti.
505 1471 655 1509 Mirum
684 1471 743 1509 illi
773 1471 911 1509 videri.
972 1470 1107 1509 Mittit
1135 1471 1300 1509 iterum:
1335 1483 1416 1510 non

131 1533 325 1572 redditur.
387 1533 476 1585 Ipse
497 1533 699 1572 hominem
719 1533 914 1585 appellat:
944 1538 1071 1585 rogat,
1094 1538 1142 1571 ut
1161 1531 1314 1571 reddat.
1361 1531 1416 1571 Os

131 1595 304 1634 hominis
342 1596 619 1648 insignemque
658 1596 953 1647 impudentiam
991 1595 1227 1647 cognoscite.
1298 1594 1415 1643 Quod

131 1658 260 1706 sciret,
290 1658 478 1710 quodque
509 1672 559 1697 ex
587 1659 673 1710 ipso
702 1672 795 1710 rege
824 1658 1003 1696 audisset
1031 1658 1073 1696 in
1103 1656 1302 1708 Capitolio
1331 1670 1415 1695 esse

92 1721 373 1772 75ponendum,
415 1721 524 1772 quod
563 1721 650 1760 Iovi
689 1721 854 1772 Optimo
894 1720 1085 1767 Maximo,
1119 1719 1229 1771 quod
1266 1718 1414 1770 populo

132 1783 314 1822 Romano
345 1784 495 1822 servari
526 1783 693 1831 videret,
727 1782 770 1821 id
801 1783 876 1821 sibi
910 1788 957 1820 ut
988 1782 1168 1829 donaret,
1201 1794 1342 1833 rogare
1374 1787 1415 1819 et

132 1845 390 1884 vehementer
410 1851 546 1897 petere
567 1846 707 1897 coepit.
768 1844 872 1884 Cum
891 1845 958 1883 ille
978 1858 1019 1883 se
1040 1849 1081 1883 et
1099 1843 1292 1896 religione
1307 1843 1414 1882 Iovis

132 1907 349 1958 Capitolini
384 1914 424 1947 et
455 1908 664 1946 hominum
695 1907 994 1946 existimatione
1025 1905 1211 1958 impediri
1249 1905 1410 1953 diceret,

131 1969 239 2019 quod
266 1970 417 2008 multae
442 1970 625 2009 nationes
652 1975 774 2009 testes
802 1975 936 2008 essent
960 1969 1068 2007 illius
1089 1968 1219 2019 operis
1238 1981 1283 2006 ac
1303 1981 1415 2006 mun-

88 2049 122 2074 30
133 2031 227 2070 eris:
257 2031 333 2070 iste
354 2032 506 2071 homini
526 2032 670 2070 minari
685 2032 876 2070 acerrime
893 2031 1033 2082 coepit.
1093 2029 1176 2068 Ubi
1192 2029 1307 2069 videt
1322 2043 1415 2069 eum

132 2093 258 2132 nihilo
291 2094 418 2146 magis
452 2094 571 2132 minis
606 2108 727 2145 quam
760 2093 943 2145 precibus
977 2092 1212 2144 permoveri,
1249 2098 1414 2143 repente

133 2155 336 2194 hominem
362 2156 411 2194 de
437 2155 642 2207 provincia
669 2156 782 2194 iubet
807 2161 901 2194 ante
930 2160 1089 2193 noctem
1117 2153 1327 2193 decedere:
1356 2155 1415 2192 ait

130 2231 174 2257 se
208 2218 444 2270 comperisse
478 2231 529 2257 ex
562 2218 646 2257 eius
684 2231 808 2271 regno
846 2217 996 2269 piratas
1034 2217 1076 2255 in
1114 2215 1292 2255 Siciliam
1330 2229 1414 2255 esse
