1492 2407
487 89 641 114 sromzs
667 90 767 115 raon
793 91 935 116 crosno.
1300 85 1339 118 21

75 176 183 216 enim
219 175 271 215 ad
308 175 456 216 inferos
495 176 745 216 tantumdem
780 177 866 216 viae
904 183 965 216 est
976 177 1005 217 ’'.
1081 178 1261 230 Totaque
1294 178 1343 218 de

75 239 231 278 ratione
251 238 494 278 humationis
519 252 644 278 unum
671 239 888 278 tenendum
909 246 979 287 est,
1001 240 1051 279 ad
1071 253 1212 292 corpus
1235 240 1342 280 illam
1354 250 1385 275 10

76 301 288 354 pertinere,
310 301 393 340 sive
413 301 602 340 occiderit
621 301 787 349 animus,
809 302 892 340 sive
913 303 1056 355 vigeat.
1116 302 1163 341 In
1183 316 1344 354 corpore

75 369 212 402 autem
241 363 492 415 perspicuum
521 371 592 410 est,
624 363 687 403 vel
717 364 914 403 exstincto
942 365 1075 404 animo
1103 364 1166 405 vel
1199 364 1342 418 elapso,

77 425 232 465 nullum
253 425 424 465 residere
445 439 613 465 sensum.

178 571 387 606 XXIl.—“
398 571 462 607 TO
486 571 656 607 THINE
681 571 803 607 OWN
830 571 962 607 SELF
984 572 1049 607 BE
1072 572 1247 608 TRUE.’'

135 669 295 709 Inventi
314 678 449 709 autem
470 669 587 708 multi
607 676 702 708 sunt
721 669 788 720 qui
814 682 892 708 non
913 669 1031 708 modo
1051 670 1257 721 pecuniam
1276 669 1346 708 sed

79 732 205 771 vitam
229 733 350 771 etiam
373 731 614 784 profundere
643 744 715 783 pro
740 731 869 782 patria
896 732 1024 782 parati
1054 739 1194 779 essent,
1218 732 1346 771 eidem

79 794 229 848 gloriae
254 795 446 833 iacturam
478 807 526 832 ne
552 793 757 837 minimam
778 792 939 844 quidem
969 793 1096 832 facere
1116 793 1274 841 vellent,
1298 807 1346 833 ne

80 856 283 909 republica
307 856 469 908 quidem
499 855 745 907 postulante:
775 861 822 893 ut
850 855 1132 903 Callicratidas,
1160 856 1228 907 qui
1257 869 1346 894 cum

81 918 483 958 Lacedaemoniorum
503 917 587 956 dux
607 917 748 956 fuisset
768 917 1100 968 Peloponnesiaco
1118 917 1232 965 bello,
1250 917 1373 956 mul-5

81 987 203 1033 taque
232 980 391 1020 fecisset
419 980 587 1032 egregie,
610 980 734 1018 vertit
762 979 812 1018 ad
842 986 1065 1019 extremum
1094 980 1236 1027 omnia,
1258 993 1346 1018 cum

80 1043 245 1083 consilio
265 1056 344 1082 non
372 1043 507 1094 paruit
535 1055 673 1081 eorum
699 1042 766 1093 qui
797 1042 959 1080 classem
987 1042 1038 1080 ab
1057 1042 1268 1094 Arginusis
1293 1055 1348 1080 re—

81 1105 331 1152 movendam,
346 1118 418 1143 nec
431 1118 519 1143 cum
533 1104 845 1143 Atheniensibus
857 1103 1126 1143 dimicandum
1141 1104 1345 1155 putabant.

82 1167 236 1217 Quibus
263 1167 328 1206 ille
354 1166 570 1218 respondit,
594 1166 934 1213 Lacedaemonios,
958 1166 1078 1205 classe
1104 1165 1171 1204 illa
1193 1166 1346 1214 amissa,

82 1231 201 1269 aliam
234 1243 373 1282 parare
410 1242 535 1281 posse,
573 1242 613 1267 se
652 1229 789 1281 fugere
821 1229 904 1267 sine
939 1242 1011 1267 suo
1044 1227 1236 1267 dedecore
1269 1241 1391 1268 nomo

82 1305 208 1345 posse.
267 1292 404 1343 Atque
424 1291 521 1330 haec
541 1290 702 1342 quidem
724 1290 1043 1330 Lacedaemoniis
1063 1290 1180 1343 plaga
1205 1289 1350 1329 medio-

83 1356 176 1394 cris:
197 1354 264 1393 illa
276 1353 474 1406 pestifera,
489 1366 568 1404 qua
582 1366 672 1392 cum
686 1353 972 1400 Cleombrotus,
988 1352 1180 1391 invidiam
1192 1353 1347 1399 timens,

82 1424 233 1457 temere
257 1430 347 1455 cum
373 1414 649 1468 Epaminonda
675 1415 926 1463 conflixisset,
947 1414 1350 1455 Lacedaemoniorum

82 1493 178 1532 opes
198 1484 442 1519 corruerunt.

442 1621 543 1656 XXI
548 1620 830 1657 II.—GYGES'
855 1620 996 1656 RING.

141 1719 247 1760 Satis
267 1719 390 1766 nobis,
414 1719 445 1757 si
466 1718 585 1757 modo
603 1719 644 1757 in
665 1718 913 1770 philosophia
931 1717 1082 1769 aliquid
1103 1715 1350 1768 profecimus,

86 1795 320 1835 persuasum
344 1794 427 1820 esse
452 1781 582 1828 debet,
610 1781 641 1819 si
666 1794 802 1820 omnes
825 1780 920 1819 deos
944 1779 1201 1830 hominesque
1227 1777 1353 1816 celare

87 1845 294 1897 possimus,
313 1843 411 1882 nihil
432 1850 564 1882 tamen
581 1856 708 1890 avare,
728 1842 825 1881 nihil
846 1843 993 1881 iniuste
1012 1854 1095 1880 esse
1115 1839 1351 1879 faciendum.

89 1906 195 1946 Hinc
227 1905 294 1946 ille
325 1905 461 1958 Gyges
493 1905 696 1944 inducitur
728 1919 751 1943 a
783 1904 966 1943 Platone:
1009 1903 1089 1954 qui,
1125 1915 1214 1941 cum
1248 1907 1355 1940 terra

87 1968 332 2008 discessisset
364 1968 518 2020 magnis
552 1966 790 2018 quibusdam
826 1966 1029 2013 imbribus,
1069 1963 1276 2004 descendit
1312 1963 1380 2001 ins

85 2031 202 2071 illum
240 2031 405 2078 hiatum,
446 2042 691 2081 aeneumque
729 2042 885 2080 equum,
925 2034 972 2066 ut
1013 2026 1148 2066 ferunt
1185 2024 1353 2073 fabulae,

86 2092 386 2140 animadvertit,
423 2092 534 2131 cuius
572 2092 613 2130 in
652 2091 841 2130 lateribus
879 2089 982 2129 fores
1020 2094 1168 2128 essent:
1211 2086 1356 2139 quibus

86 2155 250 2207 apertis,
278 2154 451 2195 hominis
476 2154 623 2193 mortui
645 2152 749 2192 vidit
773 2165 913 2204 corpus
937 2149 1214 2203 magnitudine
1238 2148 1357 2187 inusi—

89 2222 187 2266 tata,
221 2217 466 2270 anulumque
496 2229 660 2255 aureum
691 2215 731 2254 in
762 2214 907 2268 digito:
941 2226 1060 2266 quem
1090 2218 1138 2255 ut
1167 2211 1353 2261 detraxit,
