1492 2407
145 58 188 90 12
552 66 704 91 sromEs
731 66 834 90 FRoM
860 66 1003 90 CICERO.

462 175 745 210 III.—PIETY
777 175 1090 210 REWARDED.

192 268 370 307 Deorum
391 267 677 306 immortalium
698 266 845 305 iudicia
864 267 994 306 solent
1010 267 1052 306 in
1072 267 1215 307 scholis
1236 268 1415 321 proferre

137 330 187 369 de
207 338 346 377 morte,
370 343 441 368 nec
461 343 555 368 vero
576 343 622 368 ea
642 330 790 381 fingere
811 329 896 380 ipsi,
921 329 990 368 sed
1013 329 1220 370 Herodoto
1239 338 1411 380 auctore,

137 393 304 444 aliisque
330 392 521 444 pluribus.
582 392 763 430 Primum
788 392 935 444 Argiae
956 392 1172 431 sacerdotis
1195 393 1352 433 Cleobis
1373 402 1414 433 et

137 455 258 494 Biton
285 455 355 493 filii
384 454 675 506 praedicantur.
740 454 850 493 Nota
876 454 1012 493 fabula
1042 461 1113 494 est.
1178 454 1281 495 Cum
1307 456 1413 495 enim

112 517 246 556 sillam
274 516 326 555 ad
356 517 546 556 sollemne
575 523 616 556 et
645 522 797 555 statum
827 517 1062 556 sacrificium
1089 531 1208 557 curru
1233 518 1325 557 vehi
1351 519 1412 557 ius

137 586 240 618 esset
274 580 370 618 satis
402 579 519 632 longe
549 580 600 618 ab
634 579 781 631 oppido
811 579 863 618 ad
896 579 1045 628 fanum,
1082 586 1413 632 morarenturque

135 643 332 680 iumenta:
371 647 468 680 tunc
502 642 666 680 iuvenes
696 641 741 689 ei,
774 655 872 693 quos
906 642 1025 681 modo
1056 643 1270 691 nominavi,
1301 648 1412 682 veste

136 705 275 756 posita,
299 718 463 756 corpora
490 704 576 743 oleo
597 711 883 755 perunxerunt,
907 704 957 743 ad
983 705 1124 757 iugum
1149 711 1408 745 accesserunt.

136 767 200 806 Ita
220 766 401 806 sacerdos
421 766 589 805 advecta
609 767 649 805 in
670 767 818 815 fanum,
838 781 928 806 cum
949 781 1086 806 currus
1107 773 1211 806 esset
1229 767 1374 807 ductus
1388 782 1412 807 a

95 839 126 865 10
136 829 237 877 filiis,
259 836 420 881 precata
448 844 471 868 a
500 829 574 868 dea
594 829 750 877 dicitur,
773 835 820 868 ut
848 829 926 868 illis
955 830 1177 881 praemium
1199 829 1315 869 daret
1339 844 1411 882 pro

134 892 296 943 pietate,
319 891 428 943 quod
456 892 677 930 maximum
703 892 854 931 homini
874 892 961 930 dari
990 897 1124 943 posset
1149 906 1173 930 a
1197 892 1290 931 deo:
1320 899 1412 944 post

135 954 315 1005 epulatos
336 967 427 992 cum
446 960 574 992 matre
594 953 864 993 adolescentes
885 967 1023 993 somno
1043 967 1084 993 se
1099 953 1273 993 dedjsse:
1294 968 1410 994 mane

134 1016 319 1056 inventos
339 1029 424 1056 esse
443 1023 632 1056 mortuos.

258 1147 484 1182 IV.—THE
516 1147 625 1181 END
655 1146 921 1182 JUSTIFIES
953 1145 1060 1180 THE
1091 1146 1285 1181 MEANS.

188 1239 230 1278 C.
256 1239 408 1278 Marius
429 1253 519 1278 cum
544 1252 567 1278 a
593 1252 662 1291 spe
682 1238 910 1278 consulatus
937 1238 1054 1290 longe
1074 1238 1240 1286 abesset,
1264 1243 1305 1277 et
1329 1238 1408 1277 iam

132 1302 348 1353 septimum
363 1315 514 1340 annum
529 1309 620 1353 post
639 1307 869 1353 praeturam
888 1301 1045 1348 iaceret,
1064 1314 1194 1352 neque
1208 1301 1408 1352 petiturus

131 1377 323 1416 umquam
340 1364 591 1403 consulatum
606 1363 821 1411 videretur,
834 1363 878 1412 Q.
899 1363 1111 1402 Metellum
1127 1363 1237 1402 cuius
1253 1363 1408 1416 legatus

132 1433 228 1472 erat,
259 1440 459 1465 summum
488 1427 620 1465 virum
644 1433 684 1465 et
713 1427 850 1473 civem,
883 1440 974 1465 cum
1003 1426 1052 1465 ab
1082 1439 1138 1474 eo,
1168 1426 1408 1477 imperatore

107 1503 213 1537 5suo,
255 1489 425 1528 Romam
463 1490 606 1528 missus
645 1495 757 1537 esset,
799 1488 907 1540 apud
951 1488 1145 1540 populum
1182 1488 1408 1527 Romanum

131 1551 364 1589 criminatus
398 1556 468 1598 est,
509 1551 679 1590 ‘bellum
711 1551 826 1589 illum
859 1551 1023 1599 ducere,·
1065 1550 1098 1589 si
1131 1563 1173 1589 se
1206 1549 1408 1589 consulem

130 1612 327 1661 fecissent,
350 1613 463 1653 brevi
490 1619 668 1665 tempore
693 1619 764 1652 aut
790 1614 928 1651 vivum
948 1619 1019 1652 aut
1038 1618 1244 1652 mortuum
1269 1612 1408 1665 Iugur-

129 1675 242 1714 tham
280 1689 321 1714 se
363 1676 406 1714 in
447 1682 689 1727 potestatem
731 1676 869 1727 populi
907 1675 1078 1714 Romani
1115 1674 1372 1714 redacturum
1386 1674 1403 1713 '.

130 1737 273 1788 Itaque
293 1737 422 1776 factus
438 1744 498 1777 est
518 1738 584 1777 ille
600 1737 763 1789 quidem
783 1738 930 1788 consul,
949 1737 1019 1776 sed
1038 1751 1061 1776 a
1080 1736 1158 1776 fide
1173 1736 1406 1788 iustitiaque

90 1816 121 1841 10
131 1799 321 1848 discessit,
363 1801 432 1851 qui
471 1801 669 1852 optimum
707 1806 747 1839 et
787 1800 1069 1853 gravissimum
1113 1799 1250 1847 civem,
1295 1799 1406 1838 cuius

130 1862 285 1915 legatus
310 1868 351 1901 et
374 1876 397 1901 a
417 1876 496 1914 quo
519 1863 662 1902 missus
687 1868 800 1910 esset,
827 1863 869 1901 in
898 1862 1092 1901 invidiam
1118 1861 1219 1900 falso
1242 1861 1405 1900 crimine

127 1924 354 1964 adduxerit.

364 2045 739 2081 V.-ANECDOTE
772 2046 835 2080 OF
866 2044 1169 2081 SOPHOCLES.

184 2137 397 2189 Sophocles
430 2137 482 2176 ad
515 2152 711 2176 summam
747 2142 994 2176 senectutem
1031 2136 1258 2189 tragoedias
1291 2136 1404 2175 fecit:

127 2200 237 2252 quod
270 2206 433 2252 propter
471 2200 650 2239 studium
683 2213 773 2238 cum
806 2213 890 2238 rem
927 2198 1138 2251 neglegere
1168 2198 1405 2238 familiarem
