1492 2407
150 50 195 82 26
561 57 714 82 sromsss
741 57 843 81 mom
869 58 1010 83 CICERO.

373 181 826 211 XXXII.—ALEXANDER
855 181 947 210 AND
976 181 1194 214 EUDEMUS.

204 271 334 321 Quid?
353 271 544 323 singulari
565 272 626 309 vir
645 271 806 323 ingenio
827 271 1064 311 Aristoteles
1080 279 1121 312 et
1139 287 1264 324 paene
1283 273 1422 314 divino

147 334 283 385 ipsene
304 340 420 381 errat,
443 348 493 372 an
513 333 611 372 alios
632 334 721 372 vult
746 347 887 382 errare,
911 347 1001 372 cum
1027 335 1173 383 scribit,
1196 335 1420 375 Eudemum

147 396 353 447 Cyprium,
372 395 608 434 familiarem
625 409 751 443 suum,
770 396 847 434 iter
859 396 900 434 in
919 396 1194 436 Macedoniam
1209 397 1420 437 facientem

146 458 297 497 Pheras
330 458 485 497 venisse
495 473 505 506 ,-
543 471 644 509 quae
679 464 764 497 erat
797 458 891 497 urbs
925 459 967 496 in
1000 459 1202 498 Thessalia
1234 466 1323 499 tum
1355 460 1421 499 ad-

121 519 311 559 5modum
348 520 502 568 nobilis,
538 521 589 559 ab
622 520 854 560 Alexandro
891 526 1025 559 autem
1063 527 1236 573 tyranno
1270 523 1420 562 crudeli

145 582 356 622 dominatu
393 583 623 622 tenebatur:
663 583 704 621 in
737 596 784 622 eo
817 583 942 635 igitur
975 583 1121 634 oppido
1154 584 1212 623 ita
1243 585 1421 636 graviter

145 658 310 697 aegrum
330 645 555 684 Eudemum
575 645 707 693 fuisse,
730 652 777 683 ut
797 659 933 684 omnes
954 645 1095 684 medici
1116 646 1360 686 diffiderent:
1384 648 1419 686 ei

145 707 276 745 visum
305 707 347 745 in
376 708 511 758 quiete
541 708 700 759 egregia
733 707 832 746 facie
866 708 1051 746 iuvenem
1083 708 1224 756 dicere,
1255 708 1341 748 fore
1373 716 1421 748 ut

145 770 329 820 perbrevi
372 770 673 817 convalesceret,
714 770 928 821 paucisque
975 770 1114 809 diebus
1161 771 1419 810 interiturum

105 848 136 873 10
145 831 424 871 Alexandrum
457 838 686 884 tyrannum,
718 833 849 883 ipsum
881 838 1017 871 autem
1049 832 1275 872 Eudemum
1308 834 1420 885 quin-

145 894 320 945 quennio
340 900 431 946 post
450 894 614 933 domum
635 908 717 933 esse
738 894 988 933 rediturum?
1024 895 1160 946 Atque
1180 895 1237 934 ita
1257 895 1419 947 quidem

144 957 274 1008 prima
294 957 432 995 statim
452 957 590 995 scribit
610 957 848 995 Aristoteles
869 963 1089 1005 consecuta,
1113 963 1154 997 et
1173 957 1419 998 convaluisse

144 1019 380 1067 Eudemum,
404 1026 445 1058 et
464 1019 514 1057 ab
534 1019 670 1057 uxoris
690 1018 881 1058 fratribus
904 1019 1161 1058 interfectum
1181 1025 1420 1071 tyrannum;

144 1082 287 1133 quinto
306 1087 443 1120 autem
462 1095 568 1120 anno
588 1087 770 1129 exeunte,
789 1095 879 1120 cum
895 1087 999 1121 esset
1013 1095 1100 1133 spes
1117 1095 1167 1121 ex
1181 1082 1250 1121 illo
1265 1083 1419 1122 somnio

104 1144 186 1184 15in
211 1143 391 1196 Cyprum
415 1143 529 1183 illum
555 1157 607 1182 ex
630 1144 763 1183 Sicilia
790 1158 872 1183 esse
899 1144 1133 1192 rediturum,
1156 1144 1418 1196 proeliantem

144 1219 235 1245 eum
263 1206 315 1245 ad
345 1207 561 1259 Syracusas
590 1206 795 1246 occidisse:
826 1221 875 1245 ex
904 1220 983 1258 quo
1012 1207 1069 1245 ita
1096 1206 1197 1245 illud
1220 1207 1418 1246 somnium

144 1282 228 1308 esse
257 1269 578 1321 interpretatum,
611 1275 667 1318 ut,
699 1283 790 1308 cum
818 1270 974 1308 animus
1007 1268 1177 1308 Eudemi
1206 1282 1227 1309 e
1256 1283 1418 1322 corpore

144 1332 367 1380 excesserit,
391 1337 479 1371 tum
499 1332 664 1371 domum
679 1332 889 1371 revertisse
910 1331 1104 1371 videatur.

363 1477 765 1515 XXXIII.—TARQUIN
794 1477 888 1507 AND
916 1476 1004 1506 THE
1031 1474 1197 1506 AUGUR.

198 1567 340 1606 Multis
353 1568 467 1606 annis
480 1574 572 1620 post
586 1567 814 1615 Romulum,
830 1566 966 1605 Prisco
978 1570 1172 1617 regnante
1186 1564 1414 1616 Tarquinio,

142 1630 231 1680 quis
252 1636 434 1669 veterum
458 1631 697 1682 scriptorum
721 1643 802 1669 non
826 1629 1014 1680 loquitur,
1037 1640 1138 1678 quae
1158 1627 1211 1666 sit
1230 1627 1280 1666 ab
1299 1627 1417 1666 Attio

141 1691 273 1731 Navio
297 1705 367 1744 per
390 1693 536 1731 lituum
564 1693 773 1745 regionum
802 1692 908 1730 facta
935 1690 1174 1742 descriptio?
1229 1689 1307 1738 Qui
1327 1702 1416 1728 cum

141 1760 305 1806 propter
319 1761 598 1806 paupertatem
611 1769 700 1794 sues
715 1768 816 1806 puer
830 1759 1018 1806 pasceret,
1034 1766 1114 1791 una
1127 1766 1176 1792 ex
1189 1752 1244 1791 eis
1259 1752 1412 1799 amissa,

116 1817 296 1856 svovisse
324 1816 481 1865 dicitur,
509 1818 541 1856 si
564 1817 888 1869 recuperavisset,
914 1830 1035 1855 uvam
1058 1828 1099 1854 se
1122 1814 1197 1854 deo
1225 1814 1415 1853 daturum

140 1892 242 1929 quae
263 1879 437 1917 maxima
458 1885 561 1918 esset
580 1880 622 1918 in
638 1879 772 1918 vinea:
792 1879 930 1930 itaque
949 1892 1019 1917 sue
1039 1878 1214 1924 inventa,
1231 1875 1283 1915 ad
1302 1876 1416 1915 meri-

139 1940 246 1979 diem
265 1947 448 1993 spectans
468 1943 510 1980 in
529 1943 646 1981 vinea
666 1942 797 1981 media
815 1942 964 1980 dicitur
984 1940 1206 1979 constitisse
1216 1954 1226 1987 3
1245 1952 1414 1990 cumque

139 2003 181 2041 in
201 2009 393 2054 quattuor
417 2010 550 2055 partes
571 2005 729 2043 vineam
749 2004 960 2051 divisisset,
983 2009 1143 2054 tresque
1168 2008 1302 2054 partes
1321 2015 1414 2041 aves

139 2065 397 2114 abdixissent,
427 2072 571 2117 quarta
599 2072 724 2118 parte,
756 2080 857 2117 quae
887 2071 973 2105 erat
1000 2065 1153 2116 reliqua
1181 2065 1224 2103 in
1252 2065 1414 2117 regione

100 2143 131 2167 10
139 2127 366 2176 distributa,
413 2129 585 2168 mirabili
634 2128 911 2181 magnitudine
953 2141 1084 2175 uvam,
1129 2132 1177 2166 ut
1220 2127 1414 2179 scriptum

139 2190 331 2238 videmus,
363 2191 527 2230 invenit.
588 2191 674 2240 Qua
703 2205 746 2229 re
775 2191 982 2238 celebrata,
1014 2203 1103 2229 cum
1127 2190 1246 2228 vicini
1277 2203 1413 2229 omnes
