1492 2407
142 70 186 102 14
552 77 705 102 s'romas
731 77 834 102 ΝΟΜ
859 77 1002 102 emano.

362 209 660 243 VIII.—“FOR
687 208 777 243 HIS
809 208 990 243 OATH'S
1021 209 1191 245 SAKE.'’

193 307 234 346 L.
259 306 422 354 Manlio,
446 306 493 344 A.
517 306 572 353 F„
597 319 686 344 cum
706 305 880 345 dictator
899 306 1051 354 fuisset,
1076 307 1131 346 M.
1154 307 1408 360 Pomponius,

138 369 322 408 tribunus
351 368 487 420 plebis,
511 368 618 406 diem
643 367 759 415 dixit,
783 368 891 419 quod
918 369 951 407 is
980 382 1126 420 paucos
1151 370 1226 409 sibi
1251 370 1335 410 dies
1360 371 1412 410 ad

137 431 378 469 dictaturam
416 430 632 482 gerendam
670 429 908 469 addidisset:
958 432 1244 472 criminabatur
1277 434 1408 482 etiam,

137 492 245 544 quod
265 493 402 531 Titum
423 492 559 540 filium,
584 492 652 543 qui
678 498 817 544 postea
837 499 898 531 est
923 493 1150 544 Torquatus
1174 495 1407 546 appellatus,

110 555 186 593 5ab
206 555 433 593 hominibus
454 555 670 607 relegasset
686 561 726 593 et
745 555 829 593 ruri
850 555 1031 594 habitare
1046 556 1234 596 iussisset.
1295 557 1410 606 Quod

134 633 225 658 cum
254 619 432 659 audisset
460 620 691 659 adulescens
721 620 824 659 filius
850 621 1058 673 negotium
1083 621 1263 661 exhiberi
1291 623 1406 674 patri,

133 683 348 721 accurrisse
373 683 541 721 Romam
563 688 603 721 et
629 696 718 721 eum
744 683 872 734 prima
897 683 984 722 luce
1010 683 1221 735 Pomponii
1246 684 1410 724 domum

134 745 289 783 venisse
320 744 476 783 dicitur.
551 744 626 784 Cui
658 758 747 783 cum
781 751 885 784 esset
917 746 1160 794 nuntiatum,
1194 747 1264 797 qui
1296 746 1409 786 illum

133 807 281 845 iratum
297 807 512 846 allaturum
528 807 579 846 ad
591 821 632 846 se
648 807 799 859 aliquid
815 814 953 847 contra
966 815 1121 860 patrem
1133 809 1406 858 arbitraretur,

93 884 124 908 10
134 870 309 909 surrexit
329 883 350 908 e
370 870 516 909 lectulo
536 871 778 921 remotisque
797 871 958 909 arbitris
978 871 1029 910 ad
1053 885 1094 910 se
1113 871 1409 911 adulescentem

132 933 250 971 iussit
266 933 412 971 venire.
472 933 529 971 At
541 933 618 981 ille,
637 939 684 971 ut
699 933 900 985 ingressus
917 940 987 981 est,
1004 934 1214 973 confestim
1228 934 1408 987 gladium

132 994 359 1043 destrinxit,
383 996 612 1046 iuravitque
633 1009 673 1034 se
693 995 807 1034 illum
827 997 965 1034 statim
991 996 1308 1046 interfecturum,
1331 998 1407 1037 nisi

132 1057 410 1096 iusiurandum
444 1058 518 1096 sibi
550 1057 735 1105 dedisset,
769 1071 810 1096 se
841 1065 997 1109 patrem
1025 1059 1191 1097 missum
1220 1073 1303 1099 esse
1332 1059 1408 1099 fac-

132 1125 280 1158 turum.
341 1120 496 1158 Iuravit
524 1120 598 1159 hoc
625 1126 782 1160 coactus
811 1126 962 1159 terrore
992 1121 1246 1172 Pomponius.
1306 1122 1407 1161 Rem

92 1193 123 1219 1⁵
132 1182 183 1221 ad
216 1182 410 1234 populum
443 1182 608 1222 detulit:
649 1182 795 1230 docuit,
830 1197 900 1221 cur
937 1184 1013 1222 sibi
1046 1197 1183 1222 caussa
1215 1184 1406 1224 desistere

132 1261 289 1287 necesse
328 1254 431 1287 esset
441 1264 450 1297 3
491 1248 689 1287 Manlium
721 1249 886 1287 missum
919 1248 1024 1287 fecit.
1101 1249 1277 1288 Tantum
1309 1255 1406 1289 tem—

132 1311 294 1362 poribus
314 1311 392 1350 illis
408 1311 685 1350 iusiurandum
701 1311 869 1350 valebat.
930 1311 1067 1362 Atque
1087 1311 1151 1350 hic
1166 1311 1210 1350 T.
1230 1311 1404 1351 Manlius

131 1373 164 1411 is
196 1379 265 1421 est,
300 1374 370 1425 qui
401 1373 452 1412 ad
483 1373 681 1412 Anienem
712 1373 828 1420 Galli,
863 1387 983 1424 quem
1013 1374 1063 1412 ab
1092 1387 1138 1412 eo
1167 1380 1404 1425 provocatus

131 1435 339 1484 occiderat,
362 1442 505 1487 torque
525 1436 706 1474 detracto
726 1449 945 1487 cognomen
965 1436 1130 1475 invenit.

343 1586 565 1621 HONOUR
597 1586 798 1621 VERSUS
833 1585 1188 1620 EXPEDIENCY.

413 1690 723 1720 IX.—PYRRHUS
751 1690 844 1719 AND
874 1689 1116 1720 FABRICIUS.

184 1773 227 1812 Si
257 1773 353 1813 haec
378 1774 494 1813 utilia
520 1788 600 1814 non
627 1781 730 1823 sunt,
755 1788 856 1826 quae
885 1774 1059 1813 maxime
1085 1773 1284 1821 videntur,
1307 1773 1400 1825 quia.

129 1835 246 1887 plena
278 1842 373 1875 sunt
406 1836 609 1876 dedecoris
642 1851 686 1876 ac
719 1837 1001 1889 turpitudinis:
1040 1836 1136 1875 satis
1167 1849 1399 1887 persuasum

130 1912 212 1937 esse
232 1898 362 1946 debet,
385 1899 482 1937 nihil
501 1913 570 1938 esse
589 1900 678 1938 utile
697 1899 790 1950 quod
808 1913 882 1938 non
901 1900 1087 1938 honestum
1105 1900 1162 1937 sit.

184 1960 285 2000 Cum
300 1974 371 2000 rex
387 1961 566 2012 Pyrrhus
586 1962 734 2013 populo
755 1962 935 2001 Romano
953 1961 1104 2001 bellum
1118 1961 1226 2000 ultro
1245 1961 1398 2000 intulis-

103 2034 119 2059 5
129 2028 198 2071 set,
223 2036 392 2074 cumque
407 2023 456 2062 de
476 2024 642 2075 imperio
658 2030 857 2063 certamen
873 2029 975 2063 esset
990 2037 1079 2062 cum
1095 2036 1188 2075 rege
1206 2036 1398 2076 generoso

127 2099 171 2124 ac
190 2091 365 2136 potente,
384 2085 551 2137 perfuga
566 2087 616 2125 ab
632 2100 677 2125 eo
692 2087 804 2126 venit
822 2087 863 2125 in
884 2091 1012 2125 castra
1030 2085 1187 2124 Fabrici
1206 2085 1322 2137 eique
1337 2091 1397 2124 est

127 2147 336 2199 pollicitus,
356 2148 388 2186 si
407 2148 629 2199 praemium
644 2149 718 2187 sibi
737 2149 943 2200 posuisset,
962 2162 1013 2196 se,
1031 2153 1079 2186 ut
1094 2148 1194 2187 clam
1209 2148 1393 2196 venisset,

127 2210 181 2248 sic
202 2210 302 2248 clam
321 2211 363 2248 in
383 2210 529 2262 Pyrrhi
551 2216 677 2249 castra
696 2211 921 2250 rediturum
941 2216 982 2250 et
1002 2223 1093 2250 eum
1112 2224 1267 2250 veneno
1286 2224 1396 2251 neca-
