1492 2407
463 66 616 92 erorum
641 67 743 93 raon
768 69 911 95 cicaao.
1275 65 1326 98 39

53 158 297 191 armaturam
331 153 576 193 ostendebat.
648 155 789 194 Postea
823 170 941 207 quam
978 157 1078 196 vidit
1116 171 1156 197 se
1195 159 1324 198 invito

54 213 251 267 legionem
271 214 328 254 ire
346 215 482 263 Pansa,
501 217 611 268 sequi
628 231 668 256 se
684 217 782 256 duas
804 218 976 270 legiones
997 220 1112 258 iussit
1133 221 1318 260 tironum.

54 276 200 316 Postea
227 290 348 329 quam
375 279 578 330 angustias
608 279 762 331 paludis
792 288 833 319 et
860 281 1049 320 silvarum
1080 283 1318 330 transiimus,

53 338 157 378 acies
171 345 233 378 est
252 339 448 378 instructa
466 354 489 378 a
505 341 618 379 nobis
632 340 841 380 duodecim
862 342 1095 382 cohortium.
1131 344 1320 383 Nondum

54 408 248 441 venerant
276 401 450 454 legiones
469 401 590 450 duae:
619 410 780 455 repente
803 405 1002 443 Antonius
1027 406 1066 444 in
1086 406 1209 445 aciem
1229 420 1364 448 suasa>

54 463 186 516 copias
205 463 255 503 de
276 464 363 503 vico
383 463 573 516 produxit
594 473 633 504 et
654 466 737 504 sinc
759 480 866 505 mora
888 468 1096 507 concurrit.

215 608 525 643 LI.—BATTLE
561 608 625 643 OF
659 609 1161 656 MUTINA—(C'ontinneco.

108 705 243 744 Primo
263 706 320 745 ita
345 714 567 758 pugnatum
588 714 647 744 est
668 715 711 744 ut
737 707 864 745 acrius
890 721 967 746 non
996 716 1126 759 posset
1146 722 1195 746 ex
1215 716 1320 747 utra-

53 780 131 819 que
170 775 282 819 parte
320 769 507 820 pugnari:
545 769 619 806 etsi
653 768 856 807 dexterius
891 783 1023 816 cornu,
1060 770 1098 808 in
1133 784 1212 821 quo
1246 785 1321 823 ego

53 842 172 878 eram,
204 831 358 882 impetu
392 831 519 882 primo
549 830 757 882 fugaverat
788 831 983 883 legionem
1014 845 1123 870 xxxv
1154 833 1317 881 Antoni,

53 898 100 930 ut
132 892 303 944 amplius
337 905 474 944 passus
505 893 744 944 quingentos
779 893 884 931 ultra
916 894 1038 932 aciem
1074 895 1316 944 processerit.

54 953 196 1006 Itaque
235 968 323 993 cum
358 955 512 1005 equites
551 962 731 993 nostrum
766 968 887 994 cornu
919 956 1123 995 circumire
1158 956 1348 1004 vellent,⁵

53 1016 226 1068 recipere
250 1030 312 1055 me
332 1017 442 1068 coepi
463 1023 503 1055 et
530 1016 655 1055 levem
682 1013 923 1055 armaturam
945 1031 1142 1069 opponere
1166 1018 1319 1057 Mamo-

53 1090 143 1117 rum
158 1078 368 1130 equitibus,
388 1092 437 1117 ne
451 1092 609 1117 aversos
625 1085 779 1117 nostros
794 1079 1115 1131 aggrederentur.
1154 1079 1319 1119 Interim

54 1139 171 1179 video
199 1154 262 1179 me
291 1153 374 1179 esse
405 1141 509 1179 inter
532 1141 781 1179 Antonianos
809 1142 1110 1192 Antoniumque
1140 1149 1229 1193 post
1258 1156 1320 1181 me

53 1215 138 1242 esse
156 1202 371 1254 aliquanto.
432 1203 610 1254 Repente
631 1216 777 1254 equum
797 1203 927 1241 inmisi
947 1203 998 1242 ad
1019 1217 1104 1242 eam
1125 1203 1319 1255 legionem

53 1265 230 1303 tironum
243 1278 344 1316 quae
359 1265 545 1304 veniebat
558 1278 607 1304 ex
623 1265 770 1311 castris,
787 1272 898 1304 scuto
911 1266 1066 1304 reiecto.
1100 1265 1318 1304 Antoniani
1331 1278 1363 1303 10

53 1340 116 1366 me
135 1327 308 1378 insequi:
330 1327 455 1366 nostri
476 1326 555 1378 pila
571 1327 746 1365 conicere
763 1326 873 1365 velle.
916 1327 977 1365 Ita
993 1327 1123 1366 nescio
1137 1340 1217 1378 quo
1237 1327 1321 1366 fato

53 1401 142 1428 sum
163 1395 354 1436 servatus,
373 1388 481 1440 quod
501 1402 589 1427 sum
610 1389 688 1427 cito
707 1402 730 1426 a
752 1389 896 1427 nostris
916 1389 1109 1440 cognitus.
1170 1389 1216 1427 In
1236 1389 1320 1440 ipsa

52 1450 236 1498 Aemilia,
254 1451 323 1490 ubi
339 1451 478 1489 cohors
493 1450 670 1490 Caesaris
691 1451 887 1502 praetoria
900 1457 994 1497 erat,
1013 1450 1083 1489 diu
1099 1457 1320 1502 pugnatum

53 1518 124 1552 est.
184 1512 318 1552 Cornu
338 1513 570 1560 sinisterius,
593 1512 701 1564 quod
721 1519 806 1551 erat
835 1513 1037 1558 infirmius,
1061 1512 1129 1551 ubi
1152 1512 1320 1551 Martiae

53 1574 220 1627 legionis
241 1574 343 1613 duae
367 1574 547 1613 cohortes
577 1581 700 1622 erant,
724 1582 765 1613 et·
788 1574 926 1613 cohors
953 1574 1150 1625 praetoria
1179 1573 1364 1625 pedem1⁵

53 1636 202 1676 referre
230 1643 456 1689 coeperunt,
484 1636 593 1688 quod
620 1637 670 1675 ab
696 1636 878 1687 equitatu
907 1636 1217 1674 circumibantur
1241 1648 1321 1686 quo

54 1699 117 1739 vel
137 1699 354 1751 plurimum
370 1699 477 1738 valet
498 1698 708 1737 Antonius.
750 1697 851 1737 Cum
868 1710 1003 1737 omnes
1023 1711 1063 1736 se
1084 1697 1323 1749 recepissent

53 1762 180 1802 nostri
210 1761 378 1808 ordines,
410 1761 583 1812 recipere
612 1773 674 1799 me
704 1760 940 1799 novissimus
964 1760 1073 1811 coepi
1102 1759 1153 1798 ad
1181 1766 1318 1798 castra.

53 1824 257 1864 Antonius
276 1830 481 1874 tamquam
502 1824 629 1861 victor
648 1829 775 1861 castra
794 1822 954 1873 putavit
973 1835 1013 1860 se
1034 1834 1146 1873 posse
1166 1834 1302 1872 capere
1313 1836 1323 1869 ς

53 1899 134 1938 quo
153 1899 244 1926 cum
264 1886 386 1933 venit,
410 1885 630 1936 complures
658 1884 711 1923 ibi
731 1884 875 1931 amisit,
899 1897 968 1922 nec
989 1884 1071 1935 egit
1090 1882 1318 1934 quidquam.
1331 1897 1366 1923 20

55 1947 209 1988 Audita
237 1961 280 1987 re
309 1947 467 1986 Hirtius
496 1960 586 1985 cum
615 1946 842 1985 cohortibus
872 1946 1014 1997 viginti
1044 1945 1241 1984 veteranis
1267 1958 1323 1983 re-

54 2010 196 2050 deunti
230 2010 410 2050 Antonio
443 2010 484 2048 in
518 2022 589 2048 sua
621 2014 750 2047 castra
783 2008 963 2054 occurrit,
998 2007 1206 2059 copiasque
1239 2006 1324 2045 eius

55 2086 192 2113 omnes
198 2072 359 2120 delevit,
375 2071 552 2124 fugavit,
571 2070 789 2121 eodemque
803 2070 896 2117 loco,
906 2070 975 2108 ubi
991 2075 1076 2108 erat
1088 2074 1321 2120 pugnatum,

54 2134 107 2174 ad
125 2134 275 2175 Forum
290 2133 509 2181 Gallorum,
528 2133 729 2172 Antonius
744 2145 834 2170 cum
849 2131 1050 2183 equitibus
1071 2130 1167 2170 hora
1181 2136 1324 2182 quarta

55 2196 184 2236 noctis
209 2210 251 2236 se
277 2196 319 2236 in
339 2202 468 2236 castra
487 2209 559 2235 sua
583 2194 634 2234 ad
657 2194 855 2234 Mutinam
881 2193 1039 2245 recepit.
1100 2192 1257 2232 Hirtius
1282 2192 1321 2230 in
1332 2207 1370 2234 25
