1492 2407
219 384 547 448 STORIES
595 385 811 447 FROM
859 386 1163 450 CICERO.

341 646 648 682 1.-RESPECT
679 647 708 682 F
710 647 776 682 ΟΒ
801 647 903 682 OLD
928 647 1043 682 AGE.

111 752 365 804 Lysandrum
379 752 734 792 Lacedaemonium
747 753 876 792 dicere
891 754 1006 792 aiunt
1020 753 1192 801 solitum,
1211 753 1327 793 Lace-

56 813 250 854 daemone
263 828 346 854 esse
360 814 682 854 honestissimum
694 815 938 854 domicilium
954 816 1179 854 senectutis.
1226 816 1263 854 N
1268 829 1327 854 us-

57 890 177 928 quam
197 877 303 916 enim
319 883 479 916 tantum
499 878 692 916 tribuitur
706 878 839 925 aetati,
858 891 1053 929 nusquam
1069 884 1129 917 est
1144 884 1327 917 senectus

58 939 298 979 honoratior.
377 939 483 989 Quin
512 940 633 979 etiam
662 941 872 979 memoriae
902 940 1106 992 proditum
1134 946 1205 988 est,
1237 954 1327 979 cum

58 1001 239 1049 Athenis,
260 1001 373 1049 ludis,
393 1001 556 1053 quidam
572 1002 612 1040 in
629 1002 830 1041 theatrum
848 1002 1011 1055 grandis
1027 1009 1124 1041 natu
1140 1002 1323 1050 venisset,
1336 1015 1352 1040 ⁵

57 1064 98 1102 in
124 1078 268 1116 magno
288 1078 472 1103 consessu
492 1064 621 1103 locum
649 1078 843 1116 nusquam
868 1065 903 1104 ei
929 1064 1068 1103 datum
1088 1078 1111 1103 a
1130 1065 1211 1103 suis
1237 1065 1327 1103 eivi-

56 1126 131 1165 bus
140 1142 150 1175 3
169 1140 259 1165 cum
278 1133 414 1166 autem
433 1126 485 1165 ad
506 1127 836 1166 Lacedaemonios
855 1128 1090 1174 accessisset,
1109 1127 1188 1178 qui,
1205 1127 1325 1179 legati

56 1202 147 1228 cum
185 1196 326 1237 essent,
368 1196 476 1228 certo
513 1190 554 1228 in
599 1189 683 1229 loco
726 1189 994 1237 consederant,
1036 1190 1326 1229 consurrexisse

57 1263 203 1298 omnes,
227 1258 268 1290 et
287 1264 421 1290 senem
445 1251 558 1290 illum
585 1265 734 1290 sessum
755 1252 956 1303 recepisse.
1016 1251 1168 1300 Quibus
1189 1264 1277 1290 cum
1303 1265 1327 1290 a

57 1319 200 1352 cuncto
219 1326 403 1352 consessu
424 1313 584 1365 plausus
604 1320 707 1352 esset
727 1313 938 1365 multiplex
957 1313 1086 1361 datus,
1109 1313 1256 1352 dixisse
1276 1327 1326 1352 ex
1337 1326 1368 1352 10

57 1378 112 1417 eis
141 1377 365 1429 quemdam,
398 1378 663 1418 Athenienses
691 1379 788 1418 scire
818 1391 919 1430 quae
947 1384 1055 1418 recta
1083 1384 1225 1426 essent,
1257 1377 1326 1417 sed

57 1440 186 1480 facere
206 1440 320 1479 nolle.

32 1537 93 1557 dl
112 1563 119 1575 l

54 1571 112 1645 'Cf‘
258 1587 542 1631 Lt—GREAT
571 1594 724 1629 MEN’S
755 1593 1127 1629 AMUSEMENTS.

112 1698 196 1752 Otii
229 1699 383 1739 fructus
418 1706 478 1738 est
510 1713 588 1739 non
622 1700 824 1739 contentio
853 1699 985 1746 animi,
1018 1697 1087 1738 sed
1121 1698 1325 1738 relaxatio.

57 1760 183 1814 Saepe
199 1775 250 1801 ex
268 1775 402 1801 socero
422 1775 510 1800 meo
525 1761 671 1809 audivi,
687 1775 776 1800 cum
796 1762 828 1800 is
847 1761 997 1800 diceret
1015 1774 1193 1800 socerum
1213 1774 1328 1799 suum

57 1823 238 1863 Laelium
267 1837 422 1876 semper
447 1837 536 1862 eum
562 1824 744 1875 Scipione
769 1823 930 1862 solitum
955 1823 1156 1871 rusticari;
1184 1835 1329 1874 eosque

57 1885 346 1925 incredibiliter
371 1898 645 1937 repuerascere
671 1899 754 1924 esse
779 1885 926 1932 solitos,
949 1898 1039 1923 cum
1064 1897 1131 1923 rus
1157 1897 1207 1923 ex
1231 1884 1328 1923 urbe

57 1953 264 2000 tamquam
293 1961 314 1987 e
344 1947 484 1986 vinclis
513 1947 787 1986 evolavissent.
847 1947 939 1985 Non
967 1946 1095 1985 audeo
1123 1945 1253 1986 dicere
1279 1945 1354 1985 des

57 2009 206 2049 talibus
225 2010 332 2058 viris,
355 2009 425 2049 sed
454 2016 588 2048 tamen
618 2010 675 2048 ita
703 2009 803 2048 solet
832 2022 991 2048 narrare
1021 2008 1219 2056 Scaevola,
1242 2022 1329 2047 con-

58 2072 151 2111 chas
166 2085 233 2112 eos
253 2078 294 2111 et
312 2072 520 2111 umbilicos
540 2071 591 2110 ad
607 2070 785 2111 Caietam
801 2078 842 2110 et
861 2070 912 2109 ad
933 2070 1178 2110 Laurentum
1199 2071 1329 2123 legere

58 2147 277 2182 consuesse,
309 2140 351 2174 et
383 2134 435 2173 ad
464 2147 622 2174 omnem
655 2134 778 2172 animi
811 2133 1081 2173 remissionem
1110 2132 1329 2184 ludumque

57 2195 308 2237 descendere.
693 2250 723 2274 n
