1492 2407
145 73 192 107 22
558 82 712 107 STORIES
738 82 839 106 FROM
865 82 1008 106 CICERO.

106 182 137 207 10
146 169 230 221 ipse
249 169 384 208 induit
405 170 507 221 (erat
532 176 666 208 autem
691 170 823 221 regius
848 170 1011 220 pastor),
1040 175 1127 208 tum
1146 170 1187 208 in
1208 169 1417 209 concilium

145 245 186 271 se
210 238 415 284 pastorum
440 232 597 283 recepit.
658 231 718 270 Ibi
743 244 832 269 cum
862 231 992 282 palam
1017 232 1101 270 eius
1125 232 1234 271 anuli
1259 231 1311 271 ad
1339 232 1418 284 pal-

145 307 251 333 mam
281 299 541 340 converterat,
564 306 587 330 a
616 292 726 331 nullo
755 293 976 340 videbatur,
1009 293 1093 345 ipse
1121 300 1256 333 autem
1285 295 1418 333 omnia

145 356 328 404 videbat,
356 355 463 394 idem
492 368 628 393 rursus
657 355 879 403 videbatur,
912 368 1001 394 cum
1030 356 1072 394 in
1100 355 1230 395 locum
1253 357 1417 396 anulum

145 419 375 457 inverterat.
437 417 578 468 Itaque
607 417 680 456 hac
701 418 1002 469 opportunitate
1031 418 1140 457 anuli
1165 432 1259 458 usus
1283 432 1418 471 regem

106 495 136 520 15
146 480 353 519 dominum
366 480 581 527 interemit,
593 479 835 531 sustulitque
848 493 947 531 quos
961 480 1118 519 obstare
1130 481 1417 520 arbitrabatur:

146 555 218 581 nec
238 542 279 580 in
299 541 361 580 his
381 555 473 580 eum
499 541 741 581 facinoribus
761 543 972 594 quisquam
996 543 1130 594 potuit
1149 542 1295 582 videre.
1355 543 1418 582 Sic

146 610 310 656 repente
337 604 446 643 anuli
476 605 667 643 beneficio
696 618 767 643 rex
796 611 960 644 exortus
989 611 1050 644 est
1078 604 1240 656 Lydiae.
1300 605 1419 644 Hunc

146 670 271 722 igitur
299 670 430 721 ipsum
458 669 625 708 anulum
653 670 686 708 si
715 670 860 708 habeat
889 670 1054 721 sapiens,
1078 669 1204 709 nihilo
1229 670 1318 722 plus
1344 670 1418 709 sibi

145 732 263 771 licere
279 738 396 784 putet
415 746 587 784 peccare,
606 746 726 783 quam
741 733 774 771 si
790 746 869 771 non
885 733 1060 772 haberet.
1121 732 1301 772 Honesta
1313 733 1419 772 enim

106 795 260 835 20bonis
280 795 386 843 viris,
409 808 490 834 non
510 795 673 842 occulta,
696 801 954 846 quaeruntur.

188 987 478 1022 XXIV.—“IF
504 988 540 1022 A
565 987 687 1022 MAN
714 988 779 1022 BE
804 987 1043 1023 CONTENT
1069 988 1214 1023 WITH
1239 988 1382 1023 THAT

534 1043 724 1079 WHICH
750 1044 824 1078 HE
851 1043 1035 1078 HATH.’'

201 1147 394 1195 Socrates,
427 1147 469 1185 in
502 1160 649 1199 pompa
678 1161 768 1186 cum
800 1161 943 1199 magna
978 1147 1038 1185 vis
1068 1147 1155 1186 auri
1185 1147 1421 1200 argentique

145 1209 328 1257 ferretur,
365 1209 529 1259 “Quam
557 1209 686 1248 multa
718 1224 798 1249 non
826 1209 1055 1248 desidero!''
1083 1209 1227 1261 inquit.
1294 1210 1423 1250 Xeno-

147 1278 284 1320 crates,
308 1286 398 1311 cum
423 1272 545 1324 legati
571 1272 621 1311 ab
641 1271 873 1311 Alexandro
893 1272 1187 1325 quinquaginta
1207 1272 1243 1312 ei
1269 1272 1423 1311 talenta

146 1334 388 1382 attulissent,
417 1347 517 1385 quae
546 1340 633 1373 erat
660 1335 828 1386 pecunia
857 1335 1104 1386 temporibus
1132 1335 1221 1383 illis,
1250 1334 1423 1374 Athenis

122 1397 392 1449 spraesertim‚
424 1397 608 1444 maxima,
640 1396 812 1435 abduxit
840 1396 992 1448 legatos
1021 1397 1072 1436 ad
1092 1410 1230 1436 cenam
1258 1397 1300 1435 in
1325 1397 1422 1436 Aca-

146 1459 339 1508 demiam,-
368 1460 423 1498 eis
444 1459 631 1511 apposuit
654 1465 814 1498 tantum
837 1459 945 1510 quod
969 1460 1065 1498 satis
1086 1465 1199 1507 esset,
1223 1459 1333 1498 nullo
1358 1473 1422 1510 ap-

146 1529 300 1573 paratu.
379 1521 481 1561 Cum
519 1521 712 1573 postridie
750 1527 939 1573 rogarent
977 1535 1078 1569 eum,
1121 1522 1184 1560 cui
1221 1522 1421 1560 numerari

146 1584 319 1623 iuberet:
368 1584 533 1633 “Quid‘e
575 1598 646 1624 vos
684 1583 908 1631 hesterna'’‚
946 1584 1089 1635 inquit,
1130 1583 1304 1622 “cenula
1342 1597 1420 1622 non

146 1646 413 1694 intellexistis,
436 1660 499 1686 me
523 1647 690 1698 pecunia
717 1660 797 1686 non
826 1645 992 1698 egere2’'
1049 1646 1156 1695 Quos
1185 1659 1275 1684 cum
1301 1645 1423 1684 tristi-

107 1720 234 1747 1oores
273 1708 449 1757 vidisset,
491 1720 589 1747 XXX
626 1709 754 1748 minas
792 1709 954 1760 accepit,
991 1722 1041 1747 ne
1077 1708 1281 1760 aspernari
1317 1708 1422 1759 regis

147 1771 430 1810 liberalitatem
459 1772 673 1811 videretur.
732 1772 791 1810 At
819 1785 914 1810 vero
943 1772 1142 1823 Diogenes
1171 1770 1344 1817 liberius,
1374 1778 1422 1808 ut

147 1833 333 1885 Cynicus,
370 1834 602 1873 Alexandro
635 1835 804 1887 roganti,
841 1840 888 1873 ut
925 1834 1085 1882 diceret,
1121 1833 1154 1872 si
1192 1832 1290 1884 quid
1323 1846 1421 1884 opus

148 1902 261 1944 esset,
307 1896 461 1935 “Nunc
503 1897 666 1948 quidem
703 1896 963 1948 paullulum''‚
1005 1895 1147 1947 inquit,
1191 1898 1252 1933 “a
1294 1894 1421 1933 sole'²:

148 1959 333 1997 offecerat
362 1958 549 1998 videlicet
582 1959 786 2011 apricanti.
848 1959 901 1997 Et
931 1959 994 1997 hic
1024 1957 1187 2009 quidem
1216 1955 1422 2009 disputare

108 2031 139 2056 15
149 2020 311 2068 solebat,
335 2027 487 2072 quanto
507 2035 642 2073 regem
661 2022 874 2061 Persarum
893 2021 978 2060 vita
1004 2020 1246 2071 fortunaque
1265 2032 1423 2071 supera-

148 2088 228 2121 ret:
258 2083 333 2122 sibi
354 2083 453 2121 nihil
473 2083 626 2122 deesse:
657 2084 715 2122 illi
731 2083 830 2122 nihil
850 2083 946 2122 satis
964 2090 1156 2133 umquam
1176 2081 1269 2121 fore.
