1492 2407
465 75 617 100 sromzs
643 75 743 100 raon
769 75 912 100 emano.
1280 69 1322 101 15

53 164 201 200 turum.
244 161 362 200 Hunc
375 160 579 200 Fabricius
591 161 859 201 reducendum
874 162 1028 201 curavit
1040 162 1090 201 ad
1107 162 1318 214 Pyrrhum,

53 221 175 275 idque
195 223 279 262 eius
299 223 449 263 factum
471 223 675 262 laudatum
695 237 719 262 a
738 230 878 262 senatu
899 230 968 262 est.
1334 239 1363 264 10

423 352 732 382 X.—-NA⁷r10NAL
761 352 952 382 HONOUR.

109 438 183 478 Illa
202 440 411 492 praeclara,
435 440 475 478 in
495 440 639 491 quibus
660 440 839 491 publicae
855 440 1042 479 utilitatis
1062 441 1209 492 species
1229 454 1322 493 prae

54 500 263 541 honestate
297 502 575 541 contemnitur.
636 502 757 540 Plena
791 502 1062 553 exemplorum
1097 510 1156 541 cst
1187 509 1322 542 nostra

54 564 285 616 respublica,
305 577 394 603 cum
410 578 535 616 saepe,
555 571 640 602 tum
658 564 829 603 maxime
845 564 948 603 bello
965 565 1115 603 Punico
1130 565 1303 604 secundo
1312 581 1322 614 ,-

54 639 166 678 quae,
186 626 382 666 Cannensi
399 626 623 665 calamitate
639 632 808 678 accepta,
827 627 994 666 maiores
1009 628 1160 666 animos
1182 628 1322 667 habuit

54 701 175 740 quam
190 702 379 740 umquam
396 689 513 728 rebus
527 688 720 727 secundis.
763 688 883 727 Nulla
899 689 1052 728 timoris
1073 690 1317 742 significatio,
1332 705 1347 729 5

54 749 164 789 nulla
192 751 344 790 mentio
373 751 488 802 pacis.
548 751 677 789 Tanta
707 751 765 789 vis
795 758 854 790 cst
885 751 1050 798 honesti,
1077 758 1124 790 ut
1152 752 1321 802 speciem

54 812 243 851 utilitatis
263 813 456 852 obscuret.
503 813 766 852 Athenienses
786 826 875 851 cum
897 813 1106 852 Persarum
1127 814 1321 865 impetum

55 874 166 914 nullo
188 874 307 914 modo
333 883 493 926 possent
520 876 714 914 sustinere
738 882 1039 926 statuerentque
1066 882 1122 922 ut,
1145 876 1242 914 urbe
1267 889 1322 914 re-

55 936 158 984 licta,
182 937 416 989 coniugibus
436 944 476 975 et
497 937 628 975 liberis
652 937 850 976 Troezene
871 937 1071 988 depositis,
1095 951 1214 976 naves
1235 951 1321 976 con-

54 998 290 1038 scenderent
323 998 627 1050 libertatemque
666 999 854 1038 Graeciae
893 999 1013 1037 classe
1046 998 1318 1047 defenderent,
1333 1012 1363 1037 10

55 1059 257 1112 Cyrsilum
291 1060 513 1112 quemdam,
550 1060 783 1099 suadentem
821 1067 868 1099 ut
905 1061 946 1099 in
984 1061 1081 1100 urbe
1114 1067 1322 1100 manerent

56 1122 311 1174 Xerxemque
340 1123 569 1174 reciperent,
602 1123 798 1174 lapidibus
828 1129 1126 1175 cooperuerunt.
1185 1123 1321 1174 Atque

55 1184 122 1223 ille
147 1184 364 1223 utilitatem
394 1185 505 1235 sequi
533 1184 752 1232 videbatur,
779 1184 848 1224 sed
878 1198 923 1224 ea
951 1185 1060 1224 nulla
1089 1191 1183 1233 erat,
1210 1199 1321 1238 repu-

55 1253 206 1299 gnante
226 1246 445 1285 honestate.

283 1366 707 1397 XL-THEMISTOCLES
737 1366 828 1396 AND
857 1367 1092 1398 ARISTIDES.

110 1456 393 1496 Themistocles
410 1463 499 1508 post
516 1457 720 1495 victoriam
737 1457 820 1495 eius
840 1457 943 1504 belli,
962 1457 1069 1509 quod
1085 1471 1174 1496 cum
1190 1458 1320 1497 Persis

56 1517 145 1566 fuit,
174 1517 280 1556 dixit
309 1518 349 1556 in
379 1519 571 1565 contione,
604 1532 644 1557 se
674 1518 817 1557 habere
847 1519 1053 1558 consilium
1082 1519 1320 1571 reipublicae

56 1580 239 1628 salutare,
258 1580 327 1619 sed
347 1580 387 1619 id
407 1581 496 1619 sciri
513 1594 591 1619 non
608 1594 704 1632 opus
721 1594 820 1619 esse:
841 1581 1068 1632 postulavit,
1087 1587 1133 1620 ut
1148 1582 1321 1633 aliquem

55 1643 227 1695 populus
246 1642 370 1690 daret,
403 1643 562 1694 quicum
592 1643 909 1682 communicaret.
968 1643 1096 1682 Datus
1126 1650 1186 1682 est
1214 1644 1320 1682 Aris-

55 1704 170 1744 tides.
230 1704 335 1743 Huic
365 1704 440 1751 ille,
473 1705 635 1743 classem
664 1704 1074 1753 Lacedaemoniorum,
1106 1719 1207 1757 quae
1233 1706 1345 1745 sub-⁵

55 1765 177 1806 ducta
197 1772 301 1806 esset
319 1766 370 1805 ad
400 1766 615 1817 Gytheum,
638 1766 738 1805 clam
767 1766 923 1805 incendi
952 1780 1084 1818 posse;
1113 1781 1192 1818 quo
1215 1767 1320 1807 facto

56 1828 186 1881 frangi
208 1828 609 1868 Lacedaemoniorum
629 1842 721 1880 opes
741 1842 897 1868 necesse
917 1834 1029 1868 esset.
1079 1829 1195 1878 Quod
1215 1829 1321 1868 Aris-

56 1890 161 1930 tides
190 1904 279 1930 cum
308 1891 494 1938 audisset,
526 1891 566 1928 in
596 1891 820 1929 contionem
853 1904 997 1943 magna
1025 1891 1320 1942 exspectatione

56 1953 170 1993 venit
187 1953 382 2004 dixitque,
406 1952 574 2004 perutile
590 1966 672 1992 esse
688 1952 894 1991 consilium
909 1952 1017 2004 quod
1037 1952 1320 1992 Themistocles

56 2015 226 2063 afferret,
263 2015 331 2054 sed
369 2015 531 2053 minime
569 2014 790 2053 honestum.
863 2014 1004 2066 Itaque
1041 2014 1316 2063 Athenienses,
1331 2032 1362 2057 10

57 2077 166 2129 quod
185 2077 397 2117 honestum
413 2091 491 2116 non
508 2082 619 2124 esset,
638 2076 678 2115 id
699 2089 748 2115 ne
763 2076 862 2115 utile
877 2076 1038 2128 quidem
1057 2082 1302 2128 putaverunt
1310 2093 1320 2126 ς

57 2144 265 2191 totamque
294 2153 379 2179 eam
403 2152 496 2186 rem,
519 2152 638 2190 quam
667 2151 716 2178 ne
738 2137 948 2178 audierant
967 2138 1138 2191 quidem,
1159 2146 1320 2180 auctore

58 2200 237 2241 Aristide
256 2201 577 2254 repudiaverunt.
