1492 2407
437 56 591 82 sroams
616 57 717 82 raom
744 58 886 84 ciczao.
1251 52 1300 85 29

23 145 99 186 bus
139 143 304 184 barbam
328 144 401 183 sibi
430 151 471 183 et
499 144 685 197 capillum
709 145 934 186 adurerent.
990 147 1124 198 Atque
1151 147 1184 185 is
1207 160 1296 186 cum

24 205 105 259 pila
143 205 281 246 ludere
320 206 440 245 vellet
479 207 673 258 (studiose
712 208 816 246 enim
852 208 891 248 id
931 208 1156 260 factitabat)
1196 210 1338 248 tuni-1⁵

24 281 190 320 eamque
219 275 397 320 poneret,
429 269 728 308 adulescentulo
754 269 964 309 tradidisse
999 270 1176 322 gladium
1205 271 1296 310 dici-

24 337 102 371 tur.
162 330 239 370 Hic
268 344 358 370 cum
378 331 541 382 quidam
562 331 765 369 familiaris
795 332 925 370 iocans
954 332 1131 379 dixisset,
1158 333 1297 372 “Huic

23 392 188 445 quidem
213 399 320 432 certe
341 393 465 431 vitam
486 400 597 432 tuam
619 394 834 432 committis
844 393 872 441 ''‚
895 395 1170 446 arrisissetque
1189 395 1297 435 adul-

25 468 170 503 escens,
193 461 410 506 utrumque
440 455 556 494 iussit
585 456 764 503 interfici,
786 456 968 503 alterum,
991 458 1084 508 quia
1105 457 1209 495 viam
1233 457 1297 496 de·

24 518 329 558 monstravisset
354 518 609 556 interimendi
635 519 716 566 sui;
748 518 930 565 alterum,
958 519 1051 570 quia
1073 519 1226 558 dictum
1254 518 1295 558 id
1306 533 1339 557 ἰο

25 581 109 620 risu
136 580 447 632 approbavisset.
506 580 642 631 Atque
671 594 718 620 eo
747 580 852 620 facto
880 581 934 619 sic
960 580 1100 627 doluit,
1124 580 1221 619 nihil
1251 588 1297 620 ut

26 642 167 682 tulerit
186 642 348 694 gravius
368 642 409 680 in
430 642 524 680 vita.

167 795 539 831 XXXVII.—THE
573 795 756 831 SWORD
790 795 854 832 OF
887 795 1171 831 DAMOCLES.

82 905 332 956 Quamquam
360 904 424 943 hic
449 904 611 955 quidem
637 911 832 956 tyrannus
859 905 941 956 ipse
967 904 1158 943 indicavit
1177 917 1296 955 quam

27 973 131 1006 esset
159 967 311 1006 beatus.
370 966 474 1005 Nam
500 980 588 1004 cum
613 966 775 1017 quidam
801 980 850 1005 ex
877 967 961 1005 eius
985 966 1297 1005 assentatoribus

26 1028 236 1068 Damocles
269 1034 595 1067 commemoraret
625 1029 666 1066 in
697 1042 875 1067 sermone
905 1029 1036 1080 copias
1065 1028 1158 1075 eius,
1189 1041 1294 1079 opes,

26 1092 278 1131 maiestatem
302 1090 541 1137 dominatus,
568 1103 700 1129 rerum
728 1090 1025 1137 abundantiam,
1048 1090 1297 1142 magnificen-

27 1154 127 1193 tiam
159 1153 318 1192 aedium
351 1153 560 1204 regiarum,
592 1158 833 1204 negaretque
862 1165 1051 1203 umquam
1079 1152 1322 1194 beatiorems

27 1229 270 1268 quemquam
307 1215 446 1254 fuisse:
502 1214 654 1253 “Visne
692 1214 847 1266 igitur”,
883 1215 1025 1265 inquit,
1061 1213 1294 1262 “Damocle,

27 1279 216 1331 quoniam
237 1277 332 1316 haec
352 1283 392 1316 te
412 1277 495 1315 vita
515 1276 697 1324 delectat,
721 1277 803 1327 ipsc
823 1276 1002 1315 eamdem
1025 1276 1237 1328 degustare
1256 1281 1299 1315 et

27 1341 232 1380 fortunam
253 1339 424 1391 experiri
444 1338 621 1377 mea-m‘V‘
680 1337 781 1378 Cum
801 1352 842 1377 se
862 1338 928 1377 ille
954 1352 1096 1390 cupere
1116 1339 1295 1386 dixisset,

28 1402 211 1442 collocari
239 1402 355 1440 iussit
383 1401 583 1440 hominem
606 1401 647 1439 in
670 1413 790 1439 aureo
814 1400 925 1448 lecto,
947 1401 1167 1452 abacosque
1197 1413 1298 1439 com·

27 1464 163 1517 plures
178 1463 337 1503 ornavit
355 1469 523 1515 argento
541 1476 716 1514 auroque
737 1462 896 1501 caelato.
937 1462 1039 1501 Tum
1054 1462 1105 1501 ad
1120 1475 1296 1501 mensam
1307 1475 1340 1500 10

29 1527 176 1567 eximia
182 1526 310 1565 forma
317 1538 459 1577 pueros
471 1524 645 1563 delectos
653 1525 767 1563 iussit
774 1525 1146 1575 consistere,eosque
1155 1529 1298 1562 nutum

28 1589 136 1628 illius
148 1588 351 1627 intuentes
365 1587 579 1640 diligenter
590 1587 824 1626 ministrare.
883 1587 1064 1626 Aderant
1079 1591 1295 1638 unguenta,

29 1663 215 1691 coronae:
245 1649 560 1689 incendebantur
585 1649 743 1688 odores:
773 1662 930 1688 mensae
956 1647 1298 1699 conquisitissimis

30 1713 157 1766 epulis
187 1712 505 1752 exstruebantur.
564 1711 809 1750 Fortunatus
843 1711 917 1750 sibi
951 1709 1158 1749 Damocles
1193 1709 1298 1748 vide-

29 1779 160 1818 batur.
234 1777 281 1816 In
315 1777 388 1816 hoc
421 1776 552 1816 medio
581 1782 775 1828 apparatu
805 1776 1024 1828 fulgentem
1056 1774 1244 1827 gladium,
1276 1787 1341 1812 015

30 1840 206 1880 lacunari
222 1845 308 1879 seta
327 1839 472 1891 equina
491 1845 641 1891 aptum,
664 1838 822 1877 demitti
843 1838 967 1885 iussit,
985 1843 1032 1876 ut
1050 1836 1299 1889 impenderet

30 1903 138 1942 illius
162 1902 271 1942 beati
294 1902 522 1941 cervicibus.
583 1901 724 1952 Itaque
751 1914 820 1939 nec
851 1899 1034 1952 pulchros
1057 1898 1145 1938 illos
1168 1898 1299 1937 minis-

30 1971 202 2005 tratores
214 1965 431 2017 aspiciebat
446 1977 516 2003 nec
530 1963 691 2015 plenum
703 1963 800 2002 artis
815 1968 1035 2014 argentum,
1051 1974 1122 2000 nec
1137 1973 1296 1999 manum

31 2027 262 2083 porrigebat
292 2027 334 2066 in
367 2040 563 2074 mensam,-
603 2026 682 2064 iam
712 2025 820 2077 ipsae
853 2024 1081 2064 defluebant
1114 2035 1297 2062 coronae:

31 2089 204 2142 denique
232 2089 415 2129 exoravit
443 2094 669 2139 tyrannum,
703 2093 752 2126 ut
777 2087 886 2126 abire
914 2086 1060 2133 liceret,
1086 2085 1193 2138 quod
1220 2085 1297 2124 iam
1308 2098 1341 2124 ιο

31 2150 173 2193 beatus
192 2151 318 2192 nollet
336 2163 430 2191 esse.
