1492 2407
447 49 600 74 sromzs
626 49 727 75 raon
753 50 894 76 emeno.
1257 46 1304 78 33

35 132 338 174 immortalibus.
381 135 437 174 At
457 135 660 188 Diagoras,
676 149 765 175 cum
785 136 1095 177 Samothraciam
1118 139 1299 186 venisset,

35 195 191 236 Atheos
211 195 278 236 ille
298 197 366 249 qui
387 197 543 244 dicitur,
567 205 687 250 atque
708 199 742 237 ei
763 199 925 250 quidam
946 200 1104 248 amicus,
1124 200 1213 239 “Tu
1233 202 1328 252 quis

35 257 132 298 deos
170 265 288 311 putas
328 259 500 298 humana
531 260 748 312 neglegere,
782 275 910 300 nonne
939 261 1224 301 animadvertis
1253 277 1303 302 ex

35 326 99 361 tot
136 320 284 360 tabulis
323 322 449 373 pictis,
481 336 600 373 quam
640 322 754 361 multi
794 324 897 362 votis
937 324 1015 362 vim
1055 325 1303 376 tempestatis

36 383 251 436 effugerint
280 383 320 421 in
350 391 588 435 portumque
615 383 714 422 salvi
745 385 1046 436 perveneri11tl”
1104 385 1197 424 “Ita
1218 386 1299 434 fit''‚

35 445 189 497 inquit;
235 444 322 484 “illi
356 446 461 484 enim
497 459 690 497 nusquam
725 446 818 498 picti
853 454 957 494 sunt,
993 448 1060 499 qui
1096 447 1303 500 naufragia

35 506 227 555 fecerunt,
251 507 291 546 in
315 508 493 558 marique
514 508 751 559 perierunt.”
810 508 1009 560 Idemque,
1032 523 1119 548 cum
1141 510 1174 548 ei
1198 510 1301 548 navi·
1313 528 1345 553 10

34 569 149 622 ganti
179 576 366 616 vectores,
398 569 563 608 adversa
594 578 829 621 tempestate
859 571 988 609 timidi
1019 578 1058 610 et
1088 572 1302 623 perterriti,

35 631 216 671 dicerent
249 645 328 670 non
363 632 507 670 iniuria
540 632 614 670 sibi
655 631 752 670 illud
786 632 971 679 accidere,
1008 633 1076 684 qui
1115 633 1226 671 illum
1261 634 1301 672 in

36 693 204 733 eandem
230 707 374 733 navem
395 694 644 745 recepissent,
668 694 843 733 ostendit
870 695 925 733 eis
952 695 991 733 in
1019 694 1156 734 eodem
1185 708 1301 734 cursu

35 755 183 795 multas
211 755 309 794 alias
339 755 574 802 laborantes,
598 756 873 807 quaesivitque
903 770 997 795 num
1027 757 1147 795 etiam
1176 756 1216 795 in
1246 757 1301 795 eis

35 818 206 856 navibus
244 817 459 870 Diagoram
499 817 589 856 vehi
629 817 844 856 crederent.
917 818 980 857 Sic
1019 819 1123 857 enim
1161 831 1202 857 se
1240 832 1300 858 res
1312 831 1345 857 15

36 879 167 927 habet,
190 886 237 918 ut
256 879 307 918 ad
337 893 565 932 prosperam
590 879 847 918 adversamve
868 879 1080 928 fortunam,
1103 880 1230 932 qualis
1248 880 1302 919 sis

35 948 107 981 aut
126 941 462 994 quemadmodum
485 941 642 988 vixeris,
666 941 764 980 nihil
785 942 952 980 intersit.

226 1087 533 1123 XLIII.—THE
567 1087 732 1123 STORY
766 1087 829 1122 OF
862 1086 1113 1122 REGULUS.

94 1185 148 1225 M.
171 1185 321 1225 Atilius
351 1185 538 1238 Regulus,
561 1199 651 1224 cum
680 1184 814 1224 consul
844 1185 989 1224 iterum
1018 1184 1059 1223 in
1088 1182 1224 1222 Africa
1251 1196 1302 1223 ex

36 1247 192 1287 insidiis
235 1253 374 1300 captus
416 1253 529 1291 esset.
570 1247 670 1286 duce
710 1247 941 1298 Xanthippo
979 1245 1299 1293 Lacedaemonio,

37 1311 276 1362 imperatore
304 1316 439 1349 autem
469 1316 582 1361 patre
613 1308 847 1348 Hannibalis
882 1307 1116 1355 Hamilcare,
1149 1308 1305 1346 iuratus

38 1372 180 1411 missus
211 1377 272 1411 est
302 1371 353 1411 ad
384 1378 579 1419 senatum,
611 1377 667 1418 ut,
701 1371 776 1409 nisi
810 1369 956 1408 redditi
990 1374 1122 1408 essent
1159 1368 1303 1407 Poenis

37 1434 186 1486 captivi
215 1433 366 1473 nobiles
395 1433 568 1485 quidam,
600 1432 748 1472 rediret
776 1432 859 1484 ipse
889 1431 1190 1483 Karthaginem.
1249 1429 1328 1477 Is,⁵

38 1509 129 1536 cum
148 1496 317 1536 Romam
333 1497 517 1544 venisset,
532 1495 719 1534 utilitatis
739 1494 907 1546 speciem
924 1493 1095 1540 videbat,
1118 1491 1187 1531 sed
1202 1505 1300 1540 eam,

38 1564 86 1597 ut
105 1571 168 1597 res
187 1557 373 1605 declarat,
396 1557 535 1596 falsam
555 1556 758 1603 iudicavit,
780 1568 881 1607 quae
901 1561 986 1593 erat
1006 1553 1113 1592 talis:
1143 1566 1302 1592 manere

41 1620 80 1660 ln
100 1620 248 1672 patria:
278 1633 361 1659 esse
382 1619 489 1658 domi
510 1632 603 1658 suae
626 1632 715 1657 cum
736 1630 870 1664 uxore,
893 1629 981 1655 cum
1002 1615 1154 1663 liberis;
1181 1628 1301 1667 quam

39 1681 308 1722 calamitatem
353 1681 567 1733 accepisset
604 1681 643 1719 in
683 1679 787 1719 bello
824 1691 1072 1718 communem
1119 1677 1302 1716 fortunae

38 1744 202 1784 bellicae
222 1743 474 1791 iudicantem,
498 1750 632 1783 tenere
653 1741 868 1781 consularis
887 1740 1096 1793 dignitatis
1120 1738 1299 1792 gradum.
1313 1751 1346 1777 10

40 1807 138 1857 Quis
157 1807 253 1846 haec
273 1812 393 1859 negat
409 1819 492 1845 esse
512 1805 651 1844 utilia'l
705 1804 831 1853 Quem
851 1804 1008 1841 censes‘l
1065 1800 1304 1854 Magnitudo

40 1869 163 1908 animi
191 1875 232 1908 et
258 1868 455 1908 fortitudo
483 1873 612 1920 negat.
672 1865 811 1916 Itaque
839 1864 934 1916 quid
955 1863 1074 1903 fecit'l
1129 1863 1176 1903 In
1196 1876 1304 1902 sena-

41 1936 129 1970 tum
162 1931 292 1971 venit:
335 1930 524 1970 mandata
557 1929 758 1980 exposuit:
801 1926 1040 1966 sententiam
1073 1939 1122 1965 ne
1155 1925 1305 1964 diceret

42 1993 241 2033 recusavit
249 2009 260 2043 ;
292 1992 513 2045 “quamdiu
534 1989 787 2030 iureiurando
801 1989 974 2028 hostium
988 1993 1200 2035 teneretur,
1223 2000 1304 2026 non

40 2068 124 2095 esse
161 2069 204 2096 se
241 2053 503 2096 senatorem''.
563 2054 696 2104 Atque
732 2051 833 2091 illud
863 2051 982 2090 etiam
1022 2049 1105 2101 (¹⁴0
1134 2048 1303 2088 stultum
1315 2063 1346 2090 15

40 2117 281 2166 hominem'',
303 2118 453 2157 dixerit
479 2116 685 2168 quispiam,
721 2119 790 2153 “et
818 2119 1108 2166 repugnantem
1136 2111 1303 2151 utilitati

39 2179 198 2232 suae!'')
231 2179 346 2220 reddi
379 2179 566 2232 captivos,
603 2177 765 2230 negavit
798 2189 881 2215 esse
919 2174 1034 2214 utile:
1075 2173 1161 2214 illos
1199 2173 1305 2213 enim

174 2240 186 2274 (
195 2245 220 2268 ιι
234 2241 303 2273 117)
1151 2235 1172 2261 c
