1492 2407
136 73 181 106 42
551 81 705 105 STORIES
731 81 832 106 FROM
859 81 1002 107 CICERO.

109 167 273 208 5lectiea
299 181 377 219 qua
402 168 484 219 ipse
511 167 669 207 delatus
696 181 814 216 eram,
837 169 1014 220 meisque
1045 169 1263 218 lecticariis,
1286 169 1328 208 in
1351 182 1413 209 ur·

133 230 224 269 bem
245 243 335 269 eum
355 229 503 269 referre
513 245 522 277 3
551 231 686 281 ibique
706 244 778 281 pro
799 244 844 269 ea
864 231 986 282 copia,
1005 245 1107 282 quae
1122 231 1293 271 Athenis
1314 236 1409 280 erat,

134 291 255 331 funus
283 293 318 331 ei
339 292 434 330 satis
455 292 634 343 amplum
654 292 881 331 faciendum
902 294 1048 332 curavi.
1107 294 1172 333 Ab
1193 294 1412 333 Athenien-

133 355 252 402 sibus,
272 355 403 393 locum
424 354 653 405 sepulturae
674 355 781 393 intra
801 355 941 394 urbem
960 362 1007 394 ut
1027 355 1180 403 darent,
1198 357 1412 408 impetrare

135 430 215 455 non
247 417 371 467 potui,
406 416 514 467 quod
546 416 738 469 religione
769 431 810 456 se
841 417 1027 468 impediri
1055 418 1234 457 dicerent
1243 433 1254 467 ς
1284 431 1413 470 neque

93 491 124 515 10
135 485 270 517 tamen
292 479 333 516 id
353 485 472 517 antea
493 480 679 530 cuiquam
695 486 979 518 concesserant.
1040 479 1157 529 Quod
1182 481 1412 532 proximum

133 540 222 588 fuit,
246 542 307 579 uti
327 541 369 579 in
389 554 468 592 quo
489 541 680 580 vellemus
699 542 910 594 gymnasio
926 555 1017 581 eum
1029 542 1284 594 sepeliremus
1299 543 1413 582 nobis

133 604 411 654 permiserunt.
481 604 520 642 N
524 618 566 642 os
596 605 638 642 in
666 604 912 643 nobilissimo
941 605 1048 643 orbis
1077 612 1274 643 terrarum
1301 618 1415 657 gym-

133 666 244 704 nasio
264 666 506 705 Academiae
530 666 662 705 locum
682 666 913 719 delegimus,
937 667 1071 718 ibique
1092 681 1183 706 eum
1203 667 1415 706 combussi-

133 741 222 766 mus
231 743 241 776 ,·
270 735 488 779 posteaque
509 729 735 767 curavimus
750 736 797 767 ut
812 729 919 768 idem
935 729 1202 768 Athenienses
1217 730 1259 768 in
1275 729 1415 769 eodem

92 800 123 825 15
133 789 219 828 loco
249 797 556 829 monumentum
587 791 622 830 ei
661 805 929 830 marmoreum
963 791 1191 830 faciendum
1224 792 1411 832 locarent.

134 851 197 890 Ita
218 866 320 903 quae
340 860 477 892 nostra
498 854 623 892 officia
642 853 807 892 fuerunt
828 868 900 905 pro
921 854 1086 906 collegio
1107 860 1147 893 et
1166 868 1238 906 pro
1257 854 1415 906 propin-

133 915 289 964 quitate
316 922 357 954 et
383 916 476 954 vivo
502 924 541 954 et
568 922 728 955 mortuo
749 917 881 955 omnia
903 917 937 955 ei
958 917 1241 968 praestitimus.
1301 916 1412 957 Vale.

133 978 181 1017 D.
205 991 262 1030 pr.
288 977 377 1016 Kal.
402 978 488 1016 Iun.
512 978 695 1017 Athenis.

318 1141 523 1176 VERRES
559 1142 622 1176 AS
657 1142 896 1177 PRAETOR
930 1142 993 1177 OF
1027 1141 1210 1177 SICILY.

179 1249 396 1279 LV.-HOW
426 1249 486 1279 HE
515 1249 688 1279 ROBBED
719 1250 832 1280 KING
861 1250 1117 1280 ANTIOCHUS
1146 1249 1199 1279 OF
1228 1249 1371 1281 SYRIA.

192 1343 223 1379 1.
257 1340 386 1379 Venio
414 1354 529 1388 nunc,
552 1354 633 1379 non
657 1341 737 1379 iam
760 1341 811 1379 ad
831 1341 995 1388 furtum,
1020 1354 1100 1379 non
1120 1341 1171 1379 ad
1191 1341 1411 1390 avaritiam,

133 1416 213 1441 non
238 1402 290 1442 ad
316 1403 589 1455 cupiditatem,
614 1403 684 1442 sed
709 1403 903 1442 eiusmodi
930 1403 1094 1451 facinus,
1117 1404 1159 1441 in
1183 1417 1262 1455 quo
1282 1403 1415 1442 omm‘a

133 1465 285 1503 nefaria
310 1466 506 1504 contineri
532 1465 631 1504 mihi
655 1472 777 1516 atque
803 1466 930 1504 inesse
951 1465 1165 1504 videantur
1174 1481 1184 1513 ;
1211 1465 1254 1503 in
1274 1479 1353 1517 quo
1373 1465 1415 1504 di

132 1527 378 1566 immortales
404 1528 554 1576 violati,
584 1528 827 1567 existimatio
853 1536 975 1579 atque
999 1528 1217 1566 auctoritas
1243 1527 1414 1566 nominis

108 1590 270 1641 5populi
295 1590 467 1629 Romani
494 1591 716 1638 imminuta,
741 1590 962 1642 hospitium
986 1590 1202 1641 spoliatum
1220 1603 1265 1628 ac
1285 1589 1416 1641 prodi-

132 1660 231 1700 tum,
254 1653 470 1691 abalienati
497 1653 642 1692 scelere
663 1653 779 1692 istius
799 1667 822 1691 a
842 1653 956 1692 nobis
976 1666 1112 1691 omnes
1132 1665 1245 1704 reges
1264 1652 1415 1690 amicis-

132 1715 232 1762 simi,
256 1716 518 1767 nationesque
545 1729 647 1767 quae
676 1716 718 1754 in
747 1729 884 1754 eorum
911 1728 1034 1767 regno
1059 1729 1104 1753 ac
1131 1714 1285 1754 ditione
1304 1720 1410 1754 sunt.

133 1777 239 1815 Nam
277 1791 389 1829 reges
429 1778 579 1829 Syriae,
616 1778 720 1830 regis
755 1777 948 1816 Antiochi
981 1777 1082 1816 fflios
1116 1790 1270 1829 puerOS,
1304 1776 1413 1815 scitis

132 1840 283 1879 Romae
317 1854 445 1891 nuper
474 1841 613 1880 fuisse:
645 1841 714 1892 qui
744 1847 938 1879 venerant
967 1853 1048 1879 non
1078 1845 1242 1891 propter
1271 1838 1413 1890 Syriae

92 1916 320 1955 ioregnum;
356 1917 448 1941 nam
483 1903 525 1941 id
565 1903 650 1942 sine
689 1903 960 1942 controversia
1000 1902 1246 1949 obtinebant,
1296 1907 1344 1939 ut
1389 1914 1413 1939 a

131 1972 245 2016 patre
280 1972 320 2004 et
346 1979 368 2003 a
393 1966 609 2004 maioribus
644 1971 895 2017 acceperant:
928 1965 998 2004 sed
1029 1977 1199 2016 regnum
1232 1963 1412 2016 Aegypti

131 2027 182 2066 ad
206 2041 246 2066 se
271 2034 311 2066 et
337 2027 389 2066 ad
410 2027 588 2075 Selenen,
613 2034 783 2067 matrem
803 2041 925 2075 suam,
948 2027 1148 2078 pertinere
1167 2025 1413 2064 arbitraban-

131 2097 207 2129 tur.
268 2090 323 2128 Hi
339 2091 415 2142 ipsi
432 2097 703 2141 posteaquam,
723 2090 970 2141 temporibus
989 2088 1231 2140 reipublicae
1247 2087 1409 2136 exclusi,

130 2166 201 2204 per
239 2158 423 2191 senatum
461 2166 581 2204 agere
613 2166 714 2203 quae
748 2152 959 2191 voluerant
991 2164 1072 2190 non
1102 2156 1332 2202 potuerunt,
1369 2150 1412 2188 in

91 2226 122 2251 15
132 2215 291 2266 Syriam
318 2215 359 2253 in
387 2228 556 2267 regnum
580 2215 755 2266 patrium
775 2214 944 2266 profecti
964 2219 1067 2252 sunt.
1127 2213 1277 2253 Eorum
1296 2212 1407 2261 alter,
