1492 2407
150 75 197 107 40
563 84 715 108 S'ronms
741 83 842 108 FROM
868 84 1011 109 CICERO.

149 183 195 209 ea
225 176 351 209 castra
381 169 500 209 rediit
530 169 635 209 unde
667 171 796 208 Pansa
826 171 987 218 exierat,
1019 171 1088 209 ubi
1117 170 1216 210 duas
1247 171 1423 224 legiones

149 232 374 283 reliquerat,
391 245 492 282 quae
508 232 556 270 ab
570 232 748 270 Antonio
762 238 875 270 erant
891 238 1154 284 oppugnatae.
1189 232 1252 272 Sic
1267 239 1423 284 partem

149 294 339 332 maiorem
360 307 521 332 suarum
538 294 741 345 copiarum
758 294 960 333 Antonius
980 295 1114 333 amisit*
1130 302 1419 334 veteranarum.

150 356 321 407 Aquilae
341 355 454 402 duae,
478 356 591 407 signa
615 356 823 407 sexaginta
853 361 947 394 sunt
971 355 1097 394 relata
1120 356 1284 395 Antoni.
1344 357 1422 396 Res

107 419 250 457 sobene
269 424 382 470 gesta
403 424 473 457 est.
533 418 580 456 A.
604 417 640 456 d.
665 418 721 456 xii
744 417 947 457 Kalendas
969 418 1106 466 Maias,
1130 432 1179 457 ex
1199 419 1347 458 castris.

271 562 633 597 LII.—CLODIUS
667 562 818 597 TRIES
852 562 915 597 TO
949 562 1301 597 ASSASSINATE

716 620 858 655 MILO.

204 723 307 763 Cum
337 723 456 762 sciret
488 723 651 762 Clodius
686 723 763 761 iter
794 724 1058 762 necessarium
1089 730 1183 762 ante
1213 723 1320 762 diem
1354 723 1424 762 xiii

150 786 239 825 Kal.
263 785 356 824 Feb.
382 785 524 824 Miloni
555 799 637 824 esse
667 785 903 833 Lanuvium,
927 786 1055 824 Roma
1079 786 1212 824 subito
1236 786 1319 837 ipse
1340 799 1426 837 pro·

149 848 278 887 fectus
307 848 435 900 pridie
456 854 526 896 est,
549 854 596 886 ut
624 853 717 886 ante
742 861 858 886 suum
887 847 1059 886 fundum
1091 847 1233 886 Miloni
1262 847 1426 886 insidias

149 911 369 950 collocaret.
437 910 536 949 Milo
566 916 702 949 autem
733 924 822 949 cum
853 911 894 948 in
926 916 1068 949 senatu
1098 910 1240 948 fuisset
1271 923 1317 948 eo
1348 909 1422 957 die,

124 973 282 1025 squoad
316 978 478 1012 senatus
512 973 699 1011 dimissus
734 978 803 1020 est,
840 973 1005 1011 domum
1039 972 1168 1011 venit:
1203 972 1352 1011 calceos
1386 977 1427 1010 et

150 1036 391 1075 vestimenta
419 1035 611 1073 mutavit:
642 1032 866 1086 paullisper,
890 1034 987 1073 dum
1017 1048 1058 1073 se
1083 1047 1187 1073 uxor
1210 1039 1422 1085 comparat,

149 1104 416 1137 commoratus
441 1104 519 1136 est:
549 1097 694 1136 deinde
723 1097 925 1149 profectus
949 1103 1010 1135 est
1038 1096 1079 1135 id
1107 1096 1308 1147 temporis,
1336 1109 1426 1134 cum

148 1160 229 1199 iam
264 1160 438 1208 Clodius,
476 1159 674 1211 siquidem
713 1173 759 1198 eo
793 1159 857 1198 die
896 1159 1065 1197 Romam
1098 1164 1293 1197 venturus
1327 1163 1422 1205 erat,

146 1222 279 1262 redire
308 1222 515 1274 potuisset.
581 1221 751 1260 Obviam
781 1221 826 1259 fit
856 1221 890 1259 ei
922 1220 1095 1268 Clodius,
1130 1219 1352 1272 expeditus,
1384 1220 1426 1258 in

108 1298 263 1336 ioequo,
300 1284 410 1323 nulla
445 1284 574 1331 raeda,
611 1283 731 1322 nullis
766 1283 1072 1334 impedimentis,
1110 1282 1230 1320 nullis
1265 1281 1426 1321 Graecis

150 1346 373 1394 comitibus,
400 1352 447 1384 ut
477 1346 639 1393 solebat,
667 1345 751 1384 sine
774 1358 910 1391 uxore,
938 1344 1046 1395 quod
1076 1357 1296 1395 numquam
1324 1343 1424 1382 fere:

149 1422 240 1447 cum
269 1408 333 1446 hic
362 1407 582 1455 insidiator,
606 1407 675 1458 qui
704 1407 781 1445 iter
809 1406 910 1444 illud
939 1406 991 1444 ad
1017 1406 1179 1444 caedem
1205 1405 1427 1444 faciendam

151 1473 391 1519 apparasset,
429 1481 519 1506 cum
553 1481 678 1506 uxore
712 1467 926 1506 veheretur
964 1468 1004 1504 in
1038 1466 1167 1514 raeda,
1204 1479 1348 1519 magno
1383 1472 1423 1505 et

149 1530 344 1582 impedito
364 1531 598 1569 ancillarum
618 1543 913 1582 puerorumque
934 1530 1137 1569 comitatu.
1182 1529 1250 1568 Fit
1269 1530 1427 1568 obviam

107 1605 141 1630 15
152 1591 292 1632 Clodio
322 1599 416 1631 ante
447 1592 619 1631 fundum
648 1593 732 1631 eius
761 1592 858 1631 hora
887 1592 970 1631 iere
999 1592 1219 1630 undecima.
1280 1591 1427 1630 Statim

150 1655 372 1706 complures
402 1668 492 1693 cum
521 1655 611 1693 telis
642 1655 682 1693 in
715 1654 821 1693 hunc
850 1654 1005 1693 faciunt
1028 1654 1078 1693 de
1108 1654 1194 1693 loco
1224 1654 1426 1705 superiore

148 1717 346 1768 impetum
375 1717 542 1765 adversi,
566 1717 791 1755 raedarium
813 1716 1009 1755 occidunt.
1070 1716 1172 1755 Cum
1200 1722 1337 1754 autem
1363 1715 1426 1754 hic

147 1778 199 1817 de
229 1779 357 1826 raeda,
387 1780 533 1818 reiecta
561 1779 740 1830 paenula,
768 1778 1004 1826 desiluisset,
1034 1791 1155 1830 seque
1183 1778 1264 1816 acri
1292 1778 1426 1816 animo

149 1840 393 1889 defenderet,
430 1842 488 1879 illi
519 1842 588 1892 qui
623 1847 737 1880 erant
771 1854 861 1879 cum
893 1840 1044 1888 Clodio,
1079 1839 1223 1892 gladiis
1257 1838 1422 1887 eductis,

107 1918 141 1944 ρο
150 1903 297 1954 partim
325 1917 526 1942 recurrere
549 1903 601 1942 ad
630 1903 800 1950 raedam,
824 1908 871 1941 ut
890 1916 913 1940 a
938 1909 1053 1954 tergo
1080 1902 1274 1940 Milonem
1300 1901 1427 1940 adori-

149 1972 290 2004 rentur
298 1981 308 2014 ,-
340 1965 488 2017 partim
517 1965 679 2004 caedere
713 1965 911 2016 incipiunt
941 1965 1024 2003 eius
1055 1977 1199 2011 servos,
1232 1963 1302 2014 qui
1333 1970 1425 2015 post

148 2033 263 2066 erant
273 2043 282 2076 3
302 2041 352 2066 ex
367 2027 512 2078 quibus
529 2028 598 2078 qui
613 2028 746 2066 animo
766 2027 873 2065 fideli
889 2027 930 2065 in
943 2026 1152 2065 dominum
1168 2031 1209 2064 et
1223 2026 1426 2077 praesenti

147 2095 272 2137 erant,
296 2089 443 2141 partim
463 2089 578 2128 occisi
598 2096 703 2136 sunt,
727 2089 884 2140 partim,
908 2088 1016 2139 quod
1038 2087 1232 2126 Milonem
1251 2088 1426 2127 occisum

148 2156 348 2202 putarent,
372 2151 553 2190 fecerunt
572 2151 623 2199 id,
647 2164 718 2189 nec
745 2151 967 2202 imperante
987 2163 1058 2189 nec
1079 2150 1227 2188 sciente
1247 2150 1421 2198 domino,

107 2230 141 2255 25
151 2214 258 2265 quod
274 2227 365 2253 suos
381 2214 549 2265 quisque
565 2226 698 2252 servos
714 2214 756 2251 in
771 2213 843 2251 tali
859 2226 901 2251 re
917 2212 1046 2251 facere
1061 2212 1264 2252 voluisset.
1303 2213 1423 2261 Haec,
