1492 2407
169 45 214 77 24
580 53 732 78 s'ronms
759 53 860 77 raom
887 53 1028 79 emano,

588 168 1016 199 XXVII.—GRACCHUS.

221 254 279 293 Ti.
304 253 514 301 Gracchus,
534 254 576 292 P.
595 253 651 301 R,
670 253 739 304 qui
759 253 819 291 bis
840 253 976 292 consul
997 259 1038 292 et
1057 267 1195 294 censor
1213 254 1302 303 fuit,
1321 254 1442 294 idem-

167 330 244 368 que
269 323 309 355 et
332 330 510 354 summus
536 329 664 368 augur
688 321 729 354 et
752 315 814 354 vir
840 316 995 367 sapiens
1023 316 1198 368 civisque
1221 323 1437 369 praestans,

166 392 298 418 nonne
333 380 396 430 (ut
430 378 471 417 C.
510 378 722 425 Gracchus,
755 377 859 416 filius
893 379 987 426 eius,
1021 379 1214 430 scriptum
1246 380 1437 433 reliquit),

166 441 322 480 duobus
350 441 548 493 anguibus
577 440 685 479 domi
716 440 1019 492 comprehensis,
1044 441 1271 494 haruspices
1300 456 1441 482 convo-

141 504 296 542 ⁵eavit‘3
343 503 419 552 Qui
440 517 530 541 cum
549 502 857 555 respondissent,
876 503 909 542 si
930 517 1079 542 marem
1100 504 1304 552 emisisset,
1323 505 1440 544 uxori

165 566 277 604 brevi
297 572 476 617 tempore
493 579 576 604 esse
592 565 844 604 moriendum
853 581 863 614 ,-
887 566 919 604 si
940 565 1139 614 feminam,
1158 567 1252 618 ipsi:
1275 567 1440 618 aequius

165 641 249 667 esse
287 628 451 675 censuit,
490 641 530 666 se
564 635 763 666 maturam
802 635 989 679 oppetere
1023 634 1203 677 mortem,
1240 642 1360 680 quam
1393 629 1437 668 P.

164 691 345 729 Africani
361 690 483 729 filiam
498 690 811 729 adulescentem:
832 690 1022 730 feminam
1037 691 1186 730 emisit:
1206 691 1290 743 ipse
1305 691 1440 743 paucis

164 762 255 809 post
274 756 415 795 diebus
436 762 497 795 est
517 762 709 795 mortuus.

581 885 736 916 XXVIII.
744 903 779 909 —-
786 886 1026 916 HAMILCAR.

218 971 342 1024 Apud
357 972 622 1024 Agathoclem
638 973 830 1024 scriptum
846 973 887 1011 in
904 972 1070 1012 historia
1085 979 1155 1021 est,
1171 973 1440 1013 Hamilcarem

165 1033 557 1086 Karthaginiensem,
576 1048 667 1074 cum
687 1042 938 1087 oppugnaret
958 1036 1184 1087 Syracusas,
1204 1036 1335 1074 visum
1356 1048 1440 1074 esse

163 1096 302 1135 audire
336 1110 483 1145 vocem,
516 1111 557 1136 se
590 1097 783 1149 postridie
817 1104 1053 1136 cenaturum
1087 1098 1310 1149 Syracusis:
1349 1111 1440 1136 cum

163 1165 299 1198 autem
328 1159 361 1198 is
390 1159 475 1198 dies
504 1159 712 1207 illuxisset,
745 1174 932 1212 magnam
962 1160 1201 1199 seditionem
1228 1160 1271 1199 in
1300 1160 1439 1199 castris

139 1221 248 1261 5eius
276 1222 383 1261 inter
411 1222 566 1261 Poenos
595 1228 637 1261 et
665 1222 817 1261 Siculos
847 1223 995 1261 milites
1025 1235 1109 1261 esse
1137 1221 1301 1261 factam:
1331 1221 1440 1274 quod

163 1297 253 1323 cum
276 1285 492 1323 sensissent
522 1285 771 1337 Syracusani,
794 1284 1011 1336 improviso
1036 1298 1101 1324 eos
1125 1284 1167 1323 in
1191 1290 1320 1323 castra
1342 1285 1440 1324 irru-

162 1346 276 1398 pisse,
303 1347 651 1399 Hamilcaremque
679 1348 729 1386 ab
755 1348 803 1386 iis
827 1348 966 1386 vivum
992 1360 1076 1386 esse
1102 1346 1316 1386 sublatum.
1376 1346 1440 1385 Ita

162 1422 224 1447 res
244 1409 444 1448 somnium
473 1410 756 1461 comprobavit.
815 1410 941 1449 Plena
970 1408 1245 1461 exemplorum
1273 1415 1335 1448 est
1363 1409 1439 1448 his-

162 1471 275 1519 toria,
299 1478 388 1511 tum
406 1471 555 1511 referta
574 1473 659 1511 vita
679 1473 910 1512 communis.

595 1601 848 1631 XXIX—THE
876 1601 1004 1632 DECII.

216 1689 274 1726 At
288 1701 383 1727 vero
403 1688 446 1727 P.
466 1688 612 1727 Decius
633 1687 700 1726 ille
721 1687 765 1736 Q.
784 1686 826 1726 F.
845 1687 915 1738 qui
935 1687 1087 1738 primus
1107 1699 1128 1726 e
1147 1686 1281 1726 Deciis
1301 1685 1438 1725 consul

161 1749 250 1797 fuit,
275 1764 365 1788 cum
385 1756 488 1789 esset
508 1750 694 1789 tribunus
715 1749 891 1787 militum
913 1749 967 1788 M.
986 1748 1157 1797 Valerio,
1179 1748 1228 1788 A.
1253 1748 1437 1787 Cornelio

161 1812 399 1860 consulibus,
418 1827 441 1851 a
457 1813 783 1863 Samnitibusque
802 1817 1052 1863 premeretur
1070 1816 1206 1850 noster
1225 1811 1434 1859 exercitus,

162 1887 252 1912 cum
267 1875 442 1926 pericula
457 1875 699 1926 proeliorum
714 1874 835 1912 iniret
849 1873 1049 1922 audacius,
1067 1878 1375 1924 monereturque
1389 1878 1438 1912 ut

137 1953 152 1977 5
163 1937 316 1976 cautior
328 1943 441 1985 esset,
457 1937 572 1985 dixit,
589 1937 697 1988 quod
711 1943 844 1975 exstat
856 1937 898 1975 in
910 1936 1130 1983 annalibus,
1146 1935 1221 1974 sibi
1233 1935 1276 1973 in
1288 1935 1436 1974 somnis

162 1999 291 2037 visum
321 2013 414 2047 esse,
438 2013 528 2038 cum
556 2000 599 2038 in
627 1999 768 2038 mediis
797 1999 980 2038 hostibus
999 2003 1235 2045 versaretur,
1259 1997 1436 2037 occidere

161 2074 251 2099 cum
279 2062 454 2100 maxima
481 2061 618 2114 gloria.
678 2062 731 2100 Et
760 2068 848 2100 tum
868 2061 1031 2112 quidem
1059 2059 1268 2098 incolumis
1291 2060 1437 2099 exerci-

161 2129 249 2161 tum
283 2124 487 2162 obsidione
521 2123 716 2163 liberavit.
776 2123 874 2162 Post
911 2122 1131 2161 triennium
1162 2127 1308 2169 autem,
1345 2135 1436 2161 cum

161 2186 298 2224 consul
328 2192 441 2233 esset,
464 2185 630 2225 devovit
658 2198 709 2233 se,
733 2192 774 2224 et
802 2185 843 2223 in
872 2185 997 2223 aciem
1025 2183 1261 2223 Latinorum
1289 2183 1436 2236 irrupit
