1492 2407
474 49 627 74 s‘romns
654 50 753 75 mox
779 51 921 76 emano.
1285 44 1328 77 23

251 185 626 222 XXV.—“WHEN
663 187 886 222 DOUI'ORS
922 187 1142 223 DIFFER.”

114 281 388 334 Interpretum
422 285 670 323 coniecturae
706 298 836 324 nonne
865 286 989 337 magis
1019 286 1177 338 ingenia
1206 284 1329 324 decla-

59 350 152 383 rant
180 357 317 384 eorum
346 358 466 397 quam
487 346 567 384 vim
597 360 909 398 consensumque
940 349 1128 386 naturae?
1183 347 1330 387 Cursor

59 405 111 446 ad
135 405 323 459 Olympia
346 408 537 460 proficisci
562 409 750 460 cogitanS‚
776 409 882 447 visus
903 416 962 447 cst
984 409 1022 447 in
1044 409 1192 448 somnis
1212 423 1329 449 curru

59 467 345 522 quadrigarum
389 470 489 509 vehi.
557 470 676 509 Mane
719 470 769 508 ad
814 471 1084 510 coniectorem.
1151 471 1207 510 At
1251 471 1326 519 ille,

60 529 216 579 Vinces,
231 531 373 583 inquit.
415 531 462 570 Id
478 532 583 571 enim
597 532 776 571 celeritas
789 533 984 584 significat
997 540 1037 571 et
1051 533 1109 571 vis
1122 546 1325 585 equorum.
1339 547 1354 570 5

61 592 159 632 Post
181 592 287 632 idem
310 593 361 632 ad
385 594 688 646 Antiphontem.
751 595 788 633 Is
811 602 956 642 autem,
980 594 1162 643 Viucare,
1183 595 1324 647 inquit,

60 668 218 695 necesse
237 663 307 695 est.
367 656 432 694 An
462 669 539 695 non
570 656 760 709 intelligis
789 663 980 708 quattuor
1007 663 1101 696 ante
1130 663 1170 696 te
1197 671 1328 696 cucur—

59 717 181 756 risse‘l
227 717 326 757 Ecce
340 718 441 756 alius
456 732 607 757 cursor:
629 718 679 757 ad
700 719 959 771 interpretem
980 718 1137 766 detulit,
1155 719 1328 770 aquilam

59 792 102 819 se
130 780 172 818 in
200 780 348 819 somnis
379 781 506 818 visum
536 794 619 819 esse
649 780 809 820 factum.
869 781 925 820 At
954 781 1030 827 ille,
1060 781 1219 819 Vicisti:
1253 781 1329 820 ista

60 842 167 881 enim
181 842 247 881 avi
262 842 371 881 volat
386 842 495 880 nulla
511 842 795 881 vehementius.
838 843 941 881 Huic
957 842 1117 894 quidem
1135 843 1325 894 Antipho,
1340 853 1371 878 ιο

60 904 174 952 Baro,
197 905 339 956 inquit,
363 910 403 943 te
424 905 574 943 victum
598 918 681 944 esse
706 918 785 943 non
805 904 941 944 vides‘l
997 905 1079 943 Ista
1103 905 1208 944 enim
1231 905 1326 953 avis,

59 966 259 1006 insectans
278 966 375 1005 alias
395 980 488 1006 aves
508 974 549 1006 et
568 967 736 1020 agitans,
758 980 913 1019 semper
932 967 1016 1018 ipsa
1036 973 1237 1019 postrema
1256 973 1326 1007 est.

227 1121 442 1156 DREAMS
477 1121 591 1156 AND
622 1121 790 1156 THEIR
823 1121 1170 1159 FULFILMENT.

383 1220 543 1250 XXV1.—
550 1221 644 1250 HAN
651 1221 815 1251 NIBAL'S
843 1221 1006 1252 DREAM.

116 1309 203 1349 Hoc
231 1308 339 1348 idem
362 1310 403 1348 in
427 1309 551 1349 Sileni
581 1310 730 1349 Graeca
754 1309 918 1348 historia
941 1314 1019 1348 est:
1049 1309 1326 1359 Hannibalem,

60 1385 151 1411 cum
174 1372 343 1424 cepisset
369 1371 604 1424 Saguntum,
628 1372 756 1410 visum
781 1385 864 1410 esse
887 1371 927 1409 in
951 1371 1098 1410 somnis
1121 1385 1145 1410 a
1169 1371 1263 1410 Iove
1288 1372 1330 1411 in

60 1433 227 1474 deorum
256 1434 466 1473 concilium
493 1434 643 1482 vocari;
672 1447 750 1484 quo
777 1447 866 1472 cum
893 1434 1075 1481 venisset,
1100 1433 1235 1472 Iovem
1261 1434 1330 1472 im-

60 1510 218 1549 perasse
241 1502 288 1535 ut
317 1496 458 1535 Italiae
482 1496 631 1535 bellum
661 1496 836 1542 inferret,
859 1495 1078 1546 ducemque
1102 1495 1138 1534 ei
1161 1508 1285 1534 unum
1309 1509 1330 1534 e

61 1558 226 1598 concilio
238 1557 396 1597 datum:
418 1571 497 1609 quo
512 1557 625 1596 illum
641 1564 831 1604 utentem,
847 1570 936 1595 cum
953 1557 1130 1596 exercitu
1145 1556 1328 1610 progredi
1340 1576 1354 1598 5

61 1621 252 1672 coepisse:
283 1626 370 1658 tum
395 1620 430 1658 ei
454 1619 595 1658 ducem
623 1619 735 1657 illum
762 1619 1004 1670 praecepisse
1027 1632 1077 1657 ne
1100 1619 1329 1670 respiceret:

60 1683 175 1722 illum
203 1688 339 1721 autem
368 1681 409 1720 id
438 1681 590 1720 diutius
620 1681 747 1720 facere
776 1694 854 1719 non
885 1681 1070 1732 potuisse,
1101 1680 1330 1732 elatumque

61 1744 283 1797 cupiditate
307 1744 544 1795 respexisse:
574 1750 662 1781 tum
686 1743 812 1781 visam
837 1742 994 1781 beluam
1020 1749 1173 1781 vastam
1197 1749 1238 1781 et
1262 1743 1331 1781 im-

61 1820 230 1855 manem,
256 1805 591 1857 circumplicatam
619 1804 880 1856 serpentibus,
902 1817 1153 1856 quacumque
1180 1804 1331 1844 incede-

60 1875 133 1918 ret,
165 1869 300 1909 omm'a
328 1868 502 1915 arbusta,
534 1867 719 1919 virgulta,
751 1872 857 1905 tecta
887 1871 1113 1917 pervertere
1122 1881 1133 1915 ς
1170 1872 1211 1905 et
1239 1879 1331 1905 eum
1342 1876 1371 1901 ιο

60 1931 305 1971 admiratum
333 1930 533 1982 quaesisse
561 1928 611 1968 de
639 1928 724 1976 deo,
756 1927 958 1979 quodnam
987 1928 1088 1967 illud
1118 1933 1222 1968 esset
1252 1927 1332 1967 tale

60 1999 303 2033 monstrum:
333 1998 375 2032 et
393 1991 514 2031 deum
534 1989 792 2043 respondisse,
816 1990 1044 2029 vastitatem
1068 2003 1152 2029 esse
1179 1988 1329 2036 Italiae,

60 2056 386 2108 praecepisseque
409 2060 456 2092 ut
479 2058 663 2105 pergeret
689 2052 891 2104 protinus5
918 2051 1016 2103 quid
1039 2057 1146 2091 retro
1165 2057 1286 2103 atque
1308 2064 1332 2089 a

61 2123 176 2171 tergo
196 2118 310 2157 fieret
330 2130 380 2156 ne
399 2115 608 2156 laboraret.
