1492 2407
446 75 601 100 evomas
627 74 728 100 1801!
754 74 898 100 elcnno.
1262 68 1302 99 31

241 191 770 227 XXXIX.—ORACULAR
804 191 1101 227 RESPONSES.

89 288 341 342 Chrysippus
371 296 502 328 totum
533 289 717 328 volumen
748 289 915 328 oraculis
945 289 1137 341 implevit,
1161 290 1306 341 partim

35 351 156 400 falsis,
188 357 236 391 ut
261 364 335 404 ego
364 352 514 404 opinor,
547 352 693 403 partim
727 365 819 390 casu
845 352 958 399 veris,
981 359 1028 390 ut
1056 352 1101 390 fit
1130 352 1170 390 in
1200 352 1306 390 omni

35 414 216 455 oratione
254 414 501 466 saepissime:
539 414 684 465 partim
723 413 946 465 flexiloquis
975 420 1016 453 et
1044 414 1230 461 obscuris,
1261 421 1309 452 ut

35 477 234 529 interpres
263 483 379 529 egeat
407 476 625 527 interprete
655 483 696 515 et
725 489 808 514 sors
842 476 927 527 ipsa
954 476 1004 514 ad
1036 483 1162 515 sortes
1191 476 1307 515 refer-

36 539 140 579 enda
160 539 223 586 sit,
247 539 394 590 partim
413 538 620 591 ambiguis.
681 538 785 577 Nam
811 551 901 577 cum
921 551 1005 578 sors
1025 538 1093 577 illa
1112 538 1221 577 edita
1246 545 1331 578 est⁵

37 601 340 654 opulentissimo
361 601 444 653 regi
467 601 596 647 Asiae,

147 687 165 701 ⁸⁸
177 684 312 717 Cremu
330 684 453 724 Halym
465 689 641 724 penetrans
656 694 807 724 >nmquam
819 687 976 723 pervertet
991 693 1088 723 opum
1106 682 1204 722 ι·ιήι”,

38 771 214 811 hostium
235 771 316 809 vim
336 784 420 810 sese
440 783 719 822 perversurum
740 770 899 821 putavit
909 785 919 818 5
948 770 1143 821 pervertit
1169 776 1305 809 autem

37 846 162 873 suam.
223 833 373 872 Utrum
399 833 525 885 igitur
544 846 680 871 eorum
706 832 922 879 accidisset,
946 845 1083 870 verum
1104 831 1307 870 oraculum

38 895 191 935 fuisset.
238 894 321 935 Cur
339 902 475 934 autem
496 894 568 933 hoc
589 894 747 933 credam
767 907 943 945 unquam
964 894 1117 933 editum
1137 893 1349 933 Croeso‘ho

38 958 126 996 Aut
156 957 410 997 Herodotum
441 970 512 995 cur
542 957 782 995 veraciorem
813 955 955 995 ducam
990 955 1143 994 Ennio?
1198 955 1307 994 Num

38 1020 170 1058 minus
209 1019 276 1058 ille
314 1019 448 1070 potuit
485 1018 535 1057 de
565 1018 711 1057 Croeso
739 1031 858 1069 quam
886 1018 936 1056 de
971 1018 1126 1069 Pyrrho
1160 1018 1308 1070 fingere

38 1080 217 1120 Ennius?
272 1080 369 1130 Quis
397 1081 503 1119 enim
529 1087 590 1119 est
616 1081 685 1131 qui
705 1080 841 1119 credat
862 1079 1058 1131 Apollinis
1080 1093 1129 1119 ex
1150 1079 1308 1119 oraculo

40 1143 199 1195 Pyrrho
219 1156 302 1182 esse
323 1156 567 1194 responsum,

285 1225 376 1256 “Aio
391 1230 427 1264 te,
444 1225 599 1262 Aeacida,
617 1225 775 1256 Romanos
792 1224 916 1255 vincere
926 1226 1035 1265 posse?
1045 1224 1063 1235 ’'
1318 1231 1349 1256 15

41 1313 222 1352 Primum
251 1313 392 1352 Latine
422 1313 567 1365 Apollo
596 1326 812 1364 numquam
841 1312 996 1351 locutus
1025 1318 1094 1351 est.
1153 1311 1309 1352 Deinde

41 1376 119 1414 ista
138 1389 222 1415 sors
241 1375 424 1414 inaudita
444 1375 605 1415 Graecis
621 1382 691 1415 est.
729 1375 939 1414 Praeterea
958 1374 1105 1426 Pyrrhi
1125 1374 1309 1426 tempori-

40 1438 116 1477 bus
136 1438 216 1476 iam
236 1437 383 1489 Apollo
402 1451 540 1476 versus
560 1437 688 1476 facere
707 1436 889 1476 desierat.
935 1436 1152 1483 Postremo,
1175 1449 1309 1487 quam·

42 1513 164 1552 quam
192 1513 348 1552 semper
376 1499 465 1546 fuit,
487 1505 535 1538 ut
553 1499 660 1551 apud
689 1489 863 1538 Ennium
883 1504 953 1546 est,
980 1497 1178 1536 “stolidum
1197 1510 1309 1548 yenus

43 1562 332 1610 Aeacidarum”‚
355 1568 488 1601 tamen
509 1561 610 1600 hanc
628 1560 911 1612 amphiboliam
926 1572 1063 1599 versus
1077 1558 1309 1612 intellegere
1321 1572 1352 1596 2⁰

43 1625 252 1677 potuisset,
273 1625 409 1663 vincere
434 1628 465 1663 te
490 1623 682 1671 Romanos,
706 1622 831 1662 nihilo
855 1622 981 1674 magis
1006 1622 1047 1660 in
1067 1634 1109 1660 se
1128 1633 1247 1672 quarn
1267 1620 1308 1659 in

44 1687 245 1727 Romanos
264 1686 406 1725 valere.

464 1795 631 1830 XL.—A
665 1793 895 1830 SCOFFER.

98 1887 301 1940 Diogenes
327 1887 490 1939 quidem
519 1886 693 1938 Cynicus
721 1885 851 1924 dicere
879 1884 1042 1932 solebat,
1074 1882 1307 1935 Harpalum,

45 1949 115 2002 qui
134 1949 383 2002 temporibus
396 1948 474 1988 illis
487 1947 634 2000 praedo
653 1948 695 1986 in
710 1946 948 1998 Pamphylia
959 1945 1057 1985 felix
1076 1945 1307 1993 habebatur,

45 2017 185 2052 contra
203 2011 299 2051 deos
318 2011 594 2051 testimonium
612 2010 753 2057 dicere,
771 2008 878 2061 quod
897 2008 939 2047 in
958 2007 1027 2046 illa
1046 2007 1208 2047 fortuna
1226 2013 1310 2046 tam

45 2073 117 2112 diu
144 2073 310 2113 viveret.
369 2073 598 2125 Dionysius,
620 2071 670 2110 de
698 2084 778 2122 quo
805 2075 900 2109 ante
926 2069 1023 2117 dixi,
1054 2082 1143 2108 cum
1172 2068 1310 2108 fanum

46 2135 308 2188 Proserpinae
346 2135 481 2175 Locris
519 2133 784 2186 expilavisset,
824 2132 1039 2185 navigabat
1076 2131 1334 2183 Syracusas:⁵

45 2197 159 2250 isque
189 2210 280 2238 eum
309 2196 595 2238 secundissimo
624 2202 746 2236 vento
775 2207 934 2234 cursum
964 2200 1130 2242 teneret,
1163 2192 1306 2242 ridens,
