1492 2407
178 59 226 91 28
593 66 746 90 sromEs
771 67 874 91 raom
901 68 1043 94 CICERO.

261 189 622 224 XXXV-“THE
649 189 981 225 SHOEMAKER
1005 191 1069 226 ΤΟ
1094 191 1185 228 HIS
1210 192 1371 228 LASTJ’

232 287 522 338 Peripateticus
569 286 636 325 ille
683 287 830 325 dicitur
877 287 1077 336 Phormio,
1119 302 1209 328 cum
1251 290 1455 330 Hannibal

179 349 430 401 Karthagine
461 349 650 400 expulsus
680 349 883 400 Ephesum
913 350 966 389 ad
995 351 1241 391 Antiochum
1265 353 1451 402 venisset,

175 417 219 449 et
237 412 433 450 invitatus
459 417 563 450 esset
587 412 637 450 ab
657 411 882 463 hospitibus
902 413 994 461 suis,
1017 420 1064 452 ut
1087 428 1189 462 eum,
1211 429 1331 467 quem
1354 416 1450 465 dixi,

176 471 209 509 si
230 470 361 518 vellet,
385 471 563 520 audiret,-
592 485 761 523 cumque
788 473 821 511 is
849 486 890 512 se
910 487 990 512 non
1011 473 1116 513 nolle
1135 474 1320 515 dixisset:
1351 476 1454 516 locu-

149 539 242 571 stus
272 546 356 572 esse
382 533 530 572 dicitur
556 533 676 573 homo
703 535 884 586 copiosus
907 535 1062 587 aliquot
1082 536 1199 576 horas
1217 537 1268 577 de
1288 539 1453 590 impera-

175 596 274 634 toris
295 596 421 635 officio
442 602 483 635 et
503 596 552 635 de
572 610 615 635 re
634 597 809 636 militari.
870 598 983 646 Tum,
1003 612 1094 638 cum
1109 600 1230 639 ceteri
1249 601 1319 652 qui
1339 601 1453 640 illum

174 658 387 697 audierant
420 658 679 698 vehementer
717 667 849 698 essent
885 660 1084 709 delectati,
1120 663 1366 713 quaerebant
1402 663 1452 702 ab

175 720 413 769 Hannibale,
436 721 629 772 quidnam
662 722 746 773 ipse
775 722 825 761 de
863 722 932 762 illo
970 723 1207 776 philosopho
1244 725 1449 767 iudicaret.

175 783 253 821 Hic
279 783 438 822 Poenus
465 783 588 823 libere
615 784 865 836 respondisse
894 785 1033 834 fertur,
1060 786 1209 826 multos
1238 800 1279 826 se
1304 787 1451 827 deliros

132 860 165 885 10
175 859 288 884 senes
331 859 447 898 saepe
486 846 654 895 vidisse,
700 847 770 886 sed
813 848 882 899 qui
929 849 1055 900 magis
1099 862 1219 900 quam
1261 849 1452 889 Phormio

174 908 374 956 deliraret,
406 908 554 948 vidisse
588 909 798 949 neminem.
858 910 1001 961 Neque
1034 911 1260 951 mehercule
1293 912 1448 951 iniuria.

174 970 281 1020 Quid
308 971 415 1010 enim
443 972 697 1024 arrogantius
724 973 809 1012 fieri
834 973 970 1024 potuit
989 986 1110 1024 quam
1129 974 1358 1022 Hannibali,
1381 975 1451 1026 qui

173 1039 237 1072 tot
261 1047 387 1073 annos
407 1033 458 1073 de
477 1035 646 1086 imperio
667 1048 756 1074 cum
776 1035 924 1087 populo
945 1035 1137 1084 Romano,
1160 1037 1340 1075 omnium
1358 1050 1452 1089 gen·

172 1096 276 1134 tium
297 1097 459 1144 victore,
479 1103 679 1145 certasset,
698 1097 896 1136 Graecum
915 1097 1127 1146 hominem,
1146 1099 1215 1149 qui
1230 1112 1451 1150 numquam

130 1174 162 1198 15
172 1157 340 1206 hostem,
365 1172 585 1211 numquam
614 1166 743 1198 castra
772 1159 948 1207 vidisset,
971 1166 1182 1212 praecepta
1209 1160 1260 1200 de
1282 1174 1325 1200 re
1351 1161 1450 1200 mili-

173 1221 250 1259 tari
270 1221 391 1261 dare?

208 1354 756 1399 XXXVI.—DIONYSIUS‚
791 1355 1008 1390 TYRANT
1040 1355 1105 1391 OF
1139 1355 1422 1392 SYRACUSE.

224 1452 616 1506 Duodequadringta
641 1466 766 1492 annos
790 1459 988 1505 tyrannus
1009 1453 1350 1505 Syracusanorum
1369 1453 1450 1492 fuit.

171 1515 402 1567 Dionysius,
425 1529 516 1554 cum
541 1516 718 1568 quinque
745 1522 786 1555 et
811 1515 956 1568 viginti
985 1521 1103 1554 natus
1131 1528 1254 1556 annos
1273 1515 1450 1555 domina-

168 1583 260 1616 tum
280 1578 561 1630 occupavisset.
623 1578 699 1627 Qui
720 1592 810 1617 cum
831 1584 935 1617 esset
949 1577 1064 1616 bonis
1078 1577 1312 1629 parentibus
1326 1583 1448 1629 atque

171 1639 340 1680 honesto
367 1640 453 1680 loco
479 1647 608 1688 natus,
631 1640 935 1692 abundaretque
958 1639 1185 1691 aequalium
1204 1639 1449 1679 familiarita-

142 1703 280 1741 stibus
307 1709 348 1741 et
374 1703 662 1742 consuetudine
686 1703 1013 1755 propinquorum,
1036 1702 1224 1741 credebat
1248 1715 1290 1741 se
1310 1715 1449 1741 eorum

171 1766 331 1813 nemini,
364 1765 434 1804 sed
463 1765 704 1817 quibusdam
737 1765 924 1805 convenis
958 1771 1000 1804 et
1032 1765 1126 1804 feris
1159 1764 1337 1803 barbaris
1368 1778 1448 1803 cor-

167 1828 277 1879 poris
326 1828 548 1867 custodiam
595 1828 882 1867 committebat.
942 1827 1006 1866 Ita
1052 1833 1216 1879 propter
1255 1827 1447 1866 iniustam

169 1890 399 1930 dominatus
428 1891 690 1942 cupiditatem
718 1891 760 1928 in
791 1903 987 1929 carcerem
1015 1889 1190 1941 quodam
1217 1888 1337 1928 modo
1362 1889 1447 1940 ipse

170 1966 211 1991 se
242 1953 466 1992 incluserat.
537 1953 643 2002 Quin
672 1953 803 2001 etiam,
835 1966 885 1991 ne
914 1952 1066 1991 tonsori
1096 1951 1241 1991 collum
1270 1951 1447 1990 commit-

127 2028 160 2053 ιο
170 2022 285 2063 teret,
308 2015 475 2054 tondere
495 2015 595 2054 filias
622 2029 712 2054 suas
738 2015 886 2054 docuit.
945 2014 1010 2053 Ita
1034 2014 1166 2066 regiae
1191 2013 1377 2066 virgines,
1398 2019 1448 2052 ut

169 2077 439 2125 tonstriculae,
471 2078 694 2117 tondebant
722 2078 887 2116 barbam
915 2082 957 2116 et
985 2075 1171 2127 capillum
1199 2075 1335 2127 patris.
1393 2075 1448 2114 Et

167 2146 305 2178 tamen
333 2140 384 2178 ab
413 2139 474 2178 his
502 2140 608 2191 ipsis,
632 2153 722 2178 cum
750 2140 830 2177 iam
859 2144 992 2178 essent
1019 2138 1191 2186 adultae,
1214 2137 1366 2177 ferrum
1389 2150 1447 2176 re·

168 2202 308 2251 movit,
330 2202 588 2254 instituitque
607 2208 654 2241 ut
674 2201 936 2242 candentibus
961 2200 1214 2254 iuglandium
1233 2199 1447 2253 putamini-
