1492 2407
159 65 204 98 30
571 74 723 99 STORIES
748 74 850 98 FROM
875 74 1017 99 CICERO.

202 234 807 270 XXXVIII.—SYRACUSAN
839 235 1168 272 “'CUTENESS''
1179 249 1187 273 :
1217 237 1381 273 FALSE

633 291 943 326 PRETENCES.

207 392 249 432 C.
274 393 432 441 Canius,
451 407 570 445 eques
591 394 805 442 Romanus
825 408 895 433 nec
911 395 1107 434 infacetus
1127 401 1169 435 et
1187 396 1283 435 satis
1303 396 1428 436 litter·

150 463 252 503 atus,
287 469 377 494 cum
410 469 450 494 se
483 455 698 507 Syracusas
728 457 892 504 otiandi,
923 463 971 495 ut
990 458 1074 509 ipse
1103 457 1234 497 dicere
1261 458 1425 507 solebat,

152 531 232 556 non
258 517 491 570 negotiandi
515 532 650 556 caussa
677 519 921 567 contulisset,
944 519 1158 559 dictitabat
1182 533 1223 559 se
1246 520 1428 560 hortulos

151 580 305 631 aliquos
331 594 461 619 emere
486 581 598 628 velle,
621 595 701 632 quo
727 582 898 620 invitare
923 582 1070 620 amicos
1094 588 1136 621 et
1154 583 1224 621 ubi
1243 596 1284 622 se
1304 583 1429 623 oblec-

126 650 237 684 stare
257 643 342 682 sine
362 643 728 694 interpellatoribus
748 652 892 695 posset.
941 644 1057 693 Quod
1077 658 1168 683 cum
1187 645 1428 697 percrebuis-

150 712 222 753 set,
240 705 413 757 Pythius
430 706 465 744 ei
481 706 655 757 quidam,
675 707 743 757 qui
758 707 1027 758 argentariam
1043 706 1192 746 faceret
1207 707 1424 759 Syracusis,

149 767 256 806 dixit
276 768 435 807 venales
455 768 617 820 quidem
638 782 679 807 se
699 768 836 808 hortos
856 783 936 808 non
958 769 1114 817 habere,
1137 769 1207 809 sed
1226 770 1343 809 licere
1365 771 1427 810 uti

151 829 286 879 Canio,
310 831 343 869 si
369 831 500 878 vellet,
524 838 571 869 ut
597 832 695 869 suis:
727 838 767 870 et
792 832 910 870 simul
934 832 985 870 ad
1006 845 1143 870 cenam
1163 832 1365 872 hominem
1385 833 1427 872 in

150 892 287 932 hortos
308 894 499 932 invitaw‘t
514 894 555 932 in
571 900 776 945 posterum
791 894 907 933 diem.
968 894 1070 934 Cum
1085 895 1152 934 ille
1167 896 1424 947 promisisset,

110 969 140 993 ιο
149 962 237 994 tum
249 956 432 1007 Pythius,
449 956 518 1007 qui
531 962 644 1004 esset,
659 963 705 994 ut
725 957 984 1009 argentarius,
1000 957 1107 1008 apud
1120 971 1256 997 omnes
1269 958 1426 997 ordines

147 1019 358 1070 gratiosus,
386 1019 601 1070 piscatores
631 1018 683 1057 ad
713 1033 754 1057 se
779 1020 1023 1067 convocavit,
1052 1026 1093 1058 et
1117 1020 1167 1058 ab
1193 1020 1248 1058 eis
1281 1021 1427 1072 petivit

148 1087 195 1119 ut
214 1087 308 1120 ante
328 1095 419 1120 suos
440 1081 620 1120 hortulos
640 1081 832 1133 postridie
852 1082 1109 1133 piscarentur,
1125 1081 1309 1134 dixitque
1329 1082 1427 1134 quid

149 1158 214 1183 eos
234 1145 364 1184 facere
385 1145 517 1183 vellet.
577 1143 644 1182 Ad
660 1157 797 1183 cenam
812 1144 983 1195 tempori
1004 1144 1115 1182 venit
1136 1143 1292 1183 Canius.
1335 1145 1425 1197 Opi-

148 1221 242 1259 pare
273 1222 296 1246 a
327 1207 478 1259 Pythio
510 1213 746 1259 apparatum
778 1207 1026 1254 conviVium3
1065 1206 1299 1258 cymbarum
1331 1213 1426 1246 ante

108 1283 139 1308 15
150 1270 283 1309 oculos
303 1270 543 1318 multitudo:
572 1283 645 1321 pro
665 1283 706 1308 se
727 1269 895 1320 quisque
915 1268 1024 1320 quod
1039 1275 1198 1320 ceperat
1217 1269 1407 1308 afferebat
1415 1285 1426 1318 ς

147 1338 242 1371 ante
275 1332 396 1384 pedes
431 1332 570 1384 Pythii
604 1332 729 1384 pisces
767 1331 1051 1370 abiciebantur.
1121 1330 1225 1369 Tum
1264 1330 1422 1380 Canius,

152 1398 173 1414 “
187 1393 341 1443 Quaeso
355 1395 386 1442 ,²⁵
421 1395 563 1446 inquit,
602 1394 734 1445 “quid
765 1399 825 1432 est
863 1393 947 1441 hoc,
988 1392 1138 1444 Pythi?
1197 1392 1424 1433 Tantumne

147 1456 340 1507 piscium(²
360 1462 570 1496 tantumne
586 1457 819 1509 cymbarum
831 1456 869 1494 Y'
907 1456 960 1494 Et
975 1455 1051 1503 ille,
1075 1459 1097 1476 “
1110 1455 1216 1504 Quid
1227 1456 1374 1494 mirum
1385 1455 1425 1495 ’.θ’

147 1519 296 1570 inquit:
331 1519 433 1558 “hoc
464 1519 550 1559 loco
581 1526 651 1568 est,
684 1519 890 1571 Syracusis
921 1517 1119 1570 quidquid
1149 1524 1210 1556 est
1237 1518 1423 1570 piscium:

106 1597 138 1622 20
148 1581 211 1620 hic
230 1582 412 1633 aquatio:
442 1582 515 1621 hac
535 1582 631 1621 villa
650 1583 718 1621 isti
739 1595 871 1621 carere
892 1595 972 1620 non
991 1579 1196 1633 possunt''.
1233 1580 1423 1620 Incensus

148 1644 296 1683 Canius
317 1645 538 1697 cupiditate
559 1645 767 1685 contendit
786 1659 810 1683 a
830 1644 981 1696 Pythio
999 1650 1047 1682 ut
1066 1642 1269 1682 venderet.
1328 1642 1424 1682 Gra-

103 1740 106 1741 ?
147 1713 238 1745 vate
272 1707 339 1746 ille
372 1709 512 1759 primo.
573 1708 679 1757 Quid
709 1708 862 1746 multa?
903 1707 1103 1758 impetrat.
1161 1705 1272 1744 Emit
1304 1704 1424 1744 homo

146 1769 314 1821 cupidus
341 1776 381 1809 et
407 1770 580 1822 locuples
606 1771 711 1809 tanti
736 1770 878 1821 quanti
904 1768 1077 1820 Pythius
1102 1767 1242 1815 voluit,
1264 1772 1306 1806 et
1325 1768 1423 1806 emit

146 1832 381 1872 instructos:
426 1834 587 1872 nomina
625 1833 731 1881 facit,
769 1833 977 1885 negotium
1015 1830 1195 1870 confecit.
1268 1828 1423 1868 Invitat

105 1908 136 1933 25
148 1894 295 1934 Canius
315 1895 507 1947 postridie
528 1895 742 1934 familiares
762 1909 870 1934 suos:
900 1894 1012 1933 venit
1031 1894 1115 1945 ipse
1134 1897 1290 1931 mature
1298 1906 1310 1940 ‚·
1328 1892 1422 1930 scal-

146 1970 256 1996 mum
290 1957 445 1996 nullum
479 1958 600 1996 videt.
674 1958 839 2006 Quaerit
870 1970 920 1996 ex
952 1956 1136 2008 proximo
1163 1954 1295 1993 vicino
1323 1967 1421 1993 num

146 2019 267 2058 feriae
292 2020 489 2071 quaedam
513 2021 756 2072 piscatorum
781 2025 922 2067 essent,
946 2017 1055 2070 quod
1078 2031 1144 2057 eos
1163 2016 1295 2056 nullos
1314 2016 1421 2056 vide-

145 2088 216 2120 ret.
280 2087 301 2103 “
314 2082 470 2130 Nullae,
488 2082 596 2134 quod
609 2082 766 2130 sciam'’,
785 2082 934 2133 inquit:
958 2084 981 2102 “
993 2080 1062 2119 sed
1078 2080 1141 2119 hic
1156 2079 1299 2132 piscari
1319 2079 1420 2118 nulli

145 2144 284 2183 solent.
344 2145 487 2196 Itaque
518 2144 603 2184 heri
634 2145 807 2183 mirabar
835 2143 933 2195 quid
962 2141 1206 2182 accidisset”.
1267 2141 1420 2181 Stoma-

103 2221 136 2246 30
146 2207 252 2245 chari
274 2206 431 2246 Canius
490 2207 570 2246 Sed
590 2207 688 2259 quid
707 2207 878 2246 faceret?
