1492 2407
474 55 625 80 sromsss
652 55 753 81 mon
779 56 923 82 eleum.
1289 53 1333 84 35

289 172 564 208 XLV.-'rHE
601 174 895 210 HEAVENLY
929 176 1109 212 TWINS.

116 268 363 309 Simonidem
399 269 509 309 illum
546 272 669 310 Ceum
710 273 880 323 primum
920 273 1054 312 ferunt
1091 282 1218 313 artem
1258 288 1333 314 me—

61 331 211 372 moriae
231 332 453 383 protulisse
515 333 665 372 Dicunt
686 335 801 381 enim,
821 348 909 373 cum
930 343 1089 374 cenaret
1109 336 1332 376 Simonides

59 393 169 446 apud
207 394 385 446 Scopam,
420 395 618 433 hominem
650 396 831 443 nobilem,
864 398 1146 449 cecinissetque
1175 412 1330 437 carmen

61 456 104 496 in
137 469 218 508 quo
255 457 383 495 multa
421 457 586 495 oriundi
627 471 762 497 caussa
796 459 835 497 iu
871 461 1074 498 Castmem
1113 461 1259 511 scripta
1293 468 1333 499 et

61 518 266 558 Pollucem
298 519 477 565 fuissent,
516 519 628 558 illum
665 520 822 559 sordide
856 521 1003 560 dixisse
1042 536 1082 560 sc
1120 522 1357 561 dimidium⁵

62 581 146 620 eius
178 581 224 628 ei,
259 581 365 632 quod
399 590 537 633 pact-us
570 590 682 628 esset,
718 597 788 634 pro
820 583 887 621 illo
918 584 1089 622 carmine
1123 584 1332 632 daturum;

61 642 260 694 reliquum
307 658 330 681 a
378 645 458 682 suis
506 644 758 696 Tyndaridis,
801 658 899 696 quos
946 659 1070 696 aeque
1119 645 1328 695 laudasset,

61 711 227 757 peteret,
250 706 282 744 si
304 706 338 745 ei
360 706 574 745 videretur.
637 707 774 745 Paullo
801 714 890 758 post
911 721 993 746 esse
1023 707 1157 746 ferunt
1178 709 1331 747 nuntia-

62 773 149 807 tum
176 768 371 808 Simonidi
399 776 445 808 ut
471 769 665 821 prodiret:
696 770 858 808 iuvenes
878 778 982 809 stare
1003 771 1053 809 ad
1074 772 1231 810 ianuam
1251 772 1331 812 duo

61 829 266 881 quosdam,
289 831 357 882 qui
379 844 470 870 eum
499 839 726 870 evocarent:
757 833 974 871 surrexisse
1000 832 1121 879 illum,
1141 834 1327 885 prodisse,
1342 853 1372 878 10

62 892 208 931 vidisse
242 894 452 932 neminem.
527 894 613 932 Hoc
647 894 806 932 interim
841 895 970 946 spatio
1004 896 1186 935 conclave
1218 896 1328 944 illud,

60 955 130 994 ubi
159 955 390 1007 epularetur
419 956 574 1008 Scopam,
604 956 837 997 concidisse:
866 970 911 995 ea
941 957 1053 995 ruina
1083 958 1211 1009 ipsum
1241 972 1330 997 cum

61 1018 241 1070 cognatis
271 1018 353 1057 suis
384 1032 614 1070 oppressum
647 1019 838 1058 interisse.
909 1019 1016 1068 Quos
1047 1033 1135 1058 cum
1167 1020 1330 1059 humare

61 1079 212 1119 vellent
238 1080 461 1132 sui,'neque
490 1087 651 1132 possent
671 1081 841 1120 obtritos
865 1082 1141 1129 internoscere,
1165 1082 1330 1121 Simoni-

60 1141 131 1181 des
164 1141 314 1181 dicitur
351 1156 402 1181 ex
440 1156 496 1191 eo,
529 1143 636 1194 quod
676 1144 920 1182 meminisset
958 1157 1037 1194 quo
1076 1157 1210 1182 eorum
1246 1144 1371 1183 loc01⁵

61 1205 230 1256 quisque
264 1205 474 1253 cubuisset,
503 1205 797 1244 demonstrator
823 1206 940 1244 unius
974 1206 1163 1257 cuiusque
1197 1206 1331 1258 sepeli-

61 1266 153 1306 endi
175 1266 307 1306 fuisse.

190 1399 490 1433 XLVI.—THE
524 1399 788 1434 PRESENCE
823 1400 886 1434 OF
919 1399 1025 1434 THE
1058 1399 1200 1435 GODS.

116 1496 389 1535 Praesentiam
421 1510 537 1548 saepe
567 1496 651 1535 divi
686 1510 798 1535 suam
829 1497 1042 1544 declarant,
1076 1502 1122 1535 ut
1152 1502 1193 1535 et
1223 1495 1330 1548 apud

61 1557 264 1610 Regillum
292 1558 397 1598 bello
426 1559 671 1607 Latinorum,
704 1572 793 1598 cum
822 1559 869 1597 A.
902 1559 1130 1598 Postumius
1158 1558 1331 1597 dictator

61 1633 152 1660 cum
186 1620 355 1660 Octavio
386 1621 565 1660 Mamilio
599 1621 824 1660 Tusculano
857 1621 1007 1672 proelio
1039 1620 1257 1668 dimicaret,
1288 1620 1330 1659 in

62 1689 199 1722 nostra
224 1683 308 1722 acie
335 1682 477 1722 Castor
497 1690 538 1722 et
558 1683 703 1722 Pollux
723 1697 772 1722 ex
793 1684 904 1734 equis
930 1696 1107 1735 pugnare
1129 1683 1202 1721 visi
1223 1692 1327 1731 sunt,

62 1750 104 1785 et
122 1746 343 1785 recentiore
363 1746 554 1784 memoria
581 1745 710 1784 eidem
737 1745 990 1797 Tyndaridae
1011 1745 1158 1783 Persen
1179 1745 1355 1783 victumis

62 1808 366 1847 nuntiaverunt.
426 1808 468 1846 P.
492 1808 598 1846 enim
624 1807 821 1855 Vatinius,
844 1820 942 1846 avus
962 1807 1080 1845 huius
1106 1807 1330 1846 adulescen-

61 1870 126 1918 tis,
158 1883 250 1909 cum
278 1883 299 1910 e
328 1869 577 1922 praefectura
606 1870 775 1908 Reatina
806 1869 973 1908 Romam
1002 1869 1178 1908 venienti
1210 1874 1330 1908 noctu

61 1931 144 1972 duo
168 1932 332 1972 iuvenes
352 1945 441 1971 cum
462 1932 573 1983 equis
598 1931 697 1970 albis
722 1931 918 1970 dixissent
936 1944 1070 1983 regem
1090 1931 1237 1970 Persen
1262 1930 1331 1970 illo

61 1993 128 2035 die
147 2000 320 2047 captum,
343 1995 578 2046 senatuique
599 1994 873 2041 nuntiavisset,
896 1994 1034 2045 primo,
1049 1993 1161 2044 quasi
1181 1998 1330 2032 temere

61 2056 113 2097 de
140 2057 344 2110 republica
372 2057 538 2104 locutus,
561 2057 602 2095 in
632 2069 826 2095 carcerem
854 2056 1053 2095 coniectus
1077 2061 1156 2104 est;
1183 2060 1285 2107 post,
1306 2068 1371 2096 a10

62 2118 205 2159 Paullo
224 2119 370 2159 litteris
389 2119 531 2166 allatis,
554 2132 644 2157 cum
670 2118 776 2157 idem
795 2117 880 2157 dies
899 2118 1152 2165 constitisset,
1175 2123 1216 2156 et
1234 2130 1330 2169 agro

61 2195 87 2220 a
114 2187 257 2221 senatu
286 2188 327 2222 et
356 2182 562 2221 vacatione
591 2180 763 2220 donatus
793 2186 862 2219 est.
922 2180 1057 2231 Atque
1086 2180 1207 2219 etiam
1240 2192 1330 2218 cum
