1492 2407
485 60 639 85 eremas
667 61 767 86 1-’11011
793 63 936 88 cxczao.
1299 58 1344 92 47

70 144 188 185 istius
207 145 458 198 impudentia
479 147 656 199 videtur)
675 149 898 202 agebantur
922 150 959 188 in
981 156 1180 190 conventu
1202 152 1341 203 palam,
1355 168 1386 191 (ιο

70 206 122 248 de
140 207 238 248 sella
256 221 301 247 ac
321 208 371 248 de
392 209 478 248 loco
498 211 711 262 superiore.

127 272 160 309 2.
192 269 291 309 Erat
315 270 440 310 hiems
461 285 634 321 summa;
664 280 889 325 tempestas
913 281 958 313 ut
979 275 1108 326 ipsum
1130 276 1341 327 Sopatrum

70 331 202 372 dicere
221 332 400 381 audistis,
417 334 654 386 perfrigida:
683 335 809 374 imber
830 337 1044 375 maximus:
1071 351 1159 376 cum
1182 338 1255 377 iste
1277 339 1343 377 im-

70 401 186 447 perat
215 395 430 444 lictoribus,
468 405 513 435 ut
549 399 762 448 Sopatrum
795 397 844 436 de
877 399 1041 449 porticu,
1077 400 1116 437 in
1151 413 1229 451 qua
1261 401 1342 451 ipse

70 457 245 505 sedebat,
279 461 532 510 praecipitem
564 459 602 496 in
634 458 763 497 forum
793 459 966 498 deiciant
996 461 1226 512 nudumque
1256 476 1384 503 con-35

70 519 254 559 stituant.
325 520 405 559 Vix
439 529 524 560 erat
559 521 630 559 hoc
665 521 780 572 plane
815 522 1064 573 imperatum,
1102 537 1189 561 cum
1230 524 1340 562 illum

70 581 285 634 spoliatum
311 583 582 635 stipatumque
610 583 813 622 lictoribus
834 584 1006 623 videres:
1036 598 1171 623 omues
1198 586 1235 624 id
1259 586 1341 625 fore

70 644 279 696 putabant,
315 652 360 684 ut
400 646 519 684 miser
551 654 672 697 atque
712 646 900 685 innocens
935 647 1055 699 virgis
1094 647 1340 686 caederetur:

71 705 216 745 fefellit
244 706 339 746 haec
369 707 547 746 homines
577 709 720 759 opinio.
783 708 915 759 Virgis
945 709 1019 747 iste
1048 708 1229 747 caederet
1257 710 1341 748 sine

71 781 208 808 caussa
223 769 372 808 socium
388 770 523 821 populi
544 771 708 808 Romani
723 778 844 821 atque
857 770 1053 809 amicum?
1109 771 1198 809 Non
1215 784 1340 823 usque
1350 787 1382 810 ⁴0

71 844 119 871 eo
137 831 359 883 improbus:
390 845 468 870 non
490 832 621 870 onmia
642 840 736 870 sunt
756 833 794 870 in
817 846 862 871 co
883 846 962 871 uno
983 833 1098 871 vitia:
1124 846 1338 884 numquam

71 893 151 933 fuit
180 893 359 933 crudelis.
434 893 597 932 Leniter
626 894 825 933 hominem
856 895 1146 945 clementerque
1176 896 1337 947 accepit.

71 958 286 1010 Equestres
305 966 399 998 sunt
420 959 551 998 medio
571 960 610 997 in
633 960 718 997 1010
741 960 1017 998 Marcellorum
1039 967 1205 1007 statuae,
1224 961 1338 999 sicuti

71 1021 154 1060 fere
174 1022 315 1060 ceteris
336 1021 376 1059 in
398 1021 553 1073 oppidis
574 1021 748 1060 Siciliae:
770 1036 818 1060 ex
839 1023 982 1073 quibus
1004 1022 1078 1060 iste
1099 1022 1140 1061 C.
1163 1022 1338 1060 Marcelli

71 1089 247 1122 statuam
266 1083 426 1136 delegit,
446 1083 556 1121 euius
577 1084 701 1122 officia
721 1084 760 1121 in
782 1083 889 1121 illam
911 1084 1112 1122 civitatem
1134 1090 1338 1135 totamque
1349 1099 1381 1124 ⁴5

70 1145 315 1198 provinciam
329 1145 598 1184 recentissima
611 1152 724 1184 erant
737 1153 776 1184 et
790 1146 961 1184 maxima
973 1161 981 1193 ;
1001 1146 1041 1183 in
1055 1159 1099 1184 ea
1113 1145 1336 1196 Sopatrum,

71 1207 273 1248 hominem
305 1221 393 1246 cum
427 1207 535 1246 domi
571 1208 753 1255 nobilem,
791 1215 876 1246 tum
916 1221 1070 1246 summo
1103 1208 1339 1260 magistratu

71 1269 308 1321 praeditum,
341 1269 550 1308 divaricari
584 1284 628 1308 ac
662 1270 828 1322 deligari
863 1270 984 1308 iubet.
1044 1269 1132 1318 Quo
1162 1270 1337 1308 cruciatu

73 1331 125 1371 sit
146 1332 321 1379 affectus,
345 1332 480 1370 venire
505 1332 545 1370 in
569 1340 744 1371 mentem
770 1345 924 1370 necesse
949 1338 1009 1370 est
1032 1332 1225 1378 omnibus,
1249 1345 1337 1370 cum

71 1399 175 1433 esset
194 1394 351 1432 vinctus
373 1393 504 1432 nudus
524 1394 564 1432 in
585 1407 684 1441 aere,
708 1395 747 1432 in
769 1394 896 1441 imbri,
920 1394 960 1431 in
981 1393 1138 1446 frigore.
1198 1393 1337 1445 Neque
1348 1405 1380 1430 50

70 1461 206 1495 tamen
244 1456 333 1494 finis
371 1455 462 1494 huic
501 1456 667 1494 iniuriae
705 1455 1010 1506 crudelitatique
1049 1455 1178 1502 fiebat,
1214 1454 1338 1494 donec

69 1517 242 1571 populus
265 1523 386 1569 atque
412 1518 597 1556 universa
621 1517 849 1565 multitudo,
872 1517 1082 1556 atrocitate
1107 1517 1163 1555 rei
1192 1517 1339 1555 miseri-

70 1580 284 1632 cordiaque
305 1586 511 1628 commota,
535 1587 717 1618 senatum
744 1579 913 1618 clamore
933 1579 1071 1631 coegit,
1095 1584 1141 1616 ut
1161 1578 1195 1617 ei
1222 1578 1339 1616 simu-

70 1642 221 1682 lacrum
251 1642 352 1681 illud
385 1642 555 1681 Mercuri
587 1641 849 1694 polliceretur.
909 1640 1144 1680 clamabant
1177 1639 1260 1679 fore
1293 1646 1340 1678 ut

69 1705 146 1757 ipsi
180 1718 221 1744 se
254 1704 296 1744 di
329 1704 572 1744 immortales
606 1703 905 1742 ulciscerentur:
949 1702 1148 1741 hominem
1187 1702 1379 1741 intereass

70 1767 200 1823 perire
219 1767 472 1806 innocentem
499 1779 578 1805 non
599 1772 791 1817 oportere.
851 1765 953 1803 Tum
974 1764 1159 1815 frequens
1179 1770 1339 1804 senatus

70 1829 122 1869 ad
141 1830 265 1868 istum
280 1829 408 1868 venit:
430 1828 639 1880 pollicetur
653 1827 819 1880 signum.
882 1826 944 1864 lta
960 1825 1128 1877 Sopater
1142 1825 1191 1864 de
1207 1831 1340 1864 statua

71 1890 115 1931 C.
149 1890 339 1933 Marcelli.
371 1903 460 1930 cum
490 1890 568 1928 iam
597 1902 722 1941 paene
751 1888 999 1941 obriguisset,
1033 1887 1101 1926 vix
1130 1888 1245 1926 vivus
1274 1900 1340 1926 au-

71 1952 201 1993 fertur.
