1492 2407
438 74 591 100 81¹0le
616 75 718 100 1808
743 75 886 101 exemto.
1252 71 1293 106 17

114 130 145 167 s

26 239 431 277 XIV.—“STRONG
466 241 696 330 INTgVIYLIL
713 240 793 330 LTI?
826 241 1014 277 STRIVE
1046 242 1160 277 AND
1193 243 1294 279 NOT

679 296 708 330 E
782 296 810 330 .'’

80 397 202 438 Pueri
239 397 464 450 Spartiatae
498 411 577 437 non
615 399 880 450 ingemiscunt
917 399 1125 438 verberum
1158 399 1294 439 dolore

26 460 177 500 laniati.
249 459 577 500 Adulescentium
615 474 754 513 greges
792 460 1084 501 Lacedaemone
1122 461 1294 501 vidimus

26 523 103 575 ipsi
136 521 359 562 incredibili
392 523 646 562 contentione
685 530 882 562 certantes
920 524 1074 576 pugnis,
1110 523 1290 572 calcibus,

27 585 241 638 unguibuS,
281 598 416 624 morsu
453 584 635 636 denique,
677 598 766 624 cum
805 586 1128 624 exanimarentur
1171 586 1290 637 prius,

27 660 150 700 quam
168 659 210 687 se
229 647 355 686 victos
375 646 607 686 faterentur.
667 646 775 696 Quae
804 647 986 685 barbaria
1011 647 1125 686 India
1145 648 1318 692 vastiorf,

27 716 100 750 aut
113 709 331 762 agrestior?
370 709 415 748 In
432 722 477 748 ea
492 716 625 748 tamen
640 716 759 760 gente
776 709 948 760 primum
964 709 999 747 ei
1013 709 1080 760 qui
1096 709 1294 760 sapientes

28 772 229 812 habentur
247 771 345 810 nudi
364 778 536 811 aetatem
555 778 682 823 agunt
697 778 737 809 et
757 770 920 810 Caucasi
942 771 1052 809 nives
1072 770 1294 810 hiemalem-

29 847 108 887 que
126 834 210 873 vim
238 833 444 885 perferunt
473 833 556 872 sine
576 832 728 872 dolore:
759 846 927 883 cumque
952 832 1003 871 ad
1032 832 1231 871 flammam
1253 845 1294 871 se

29 896 340 949 applicaverunt,
363 896 446 934 sine
465 895 618 948 gemitu
637 894 872 933 aduruntur.
934 894 1120 933 Mulieres
1141 908 1234 933 vero
1254 895 1294 933 in

30 958 157 1007 India,
191 971 281 997 cum
311 964 372 996 est
401 958 512 996 cuius
543 970 678 996 earum
709 957 769 995 vir
799 964 990 1004 mortuus,
1024 957 1065 995 in
1096 963 1294 995 certamen
1305 974 1337 999 10

30 1019 301 1071 iudiciumque
344 1020 521 1066 veniunt,
566 1032 685 1070 quam
728 1018 944 1070 plurimum
986 1017 1052 1056 ille
1090 1017 1294 1056 dilexerit:

30 1082 164 1136 plures
183 1082 289 1122 enim
309 1081 475 1134 singulis
494 1080 624 1120 solent
643 1093 726 1119 esse
747 1087 912 1132 nuptae:
936 1093 1037 1131 quae
1058 1086 1117 1118 est
1137 1080 1293 1127 victrix,

31 1157 78 1184 ea
106 1144 219 1191 laeta,
251 1143 581 1195 prosequentibus
610 1143 701 1189 suis,
737 1155 817 1180 una
847 1155 936 1180 cum
967 1142 1053 1181 viro
1083 1142 1124 1180 in
1155 1154 1296 1194 rogum

30 1207 269 1259 imponitur:
299 1205 366 1244 illa
386 1205 491 1244 victa
511 1210 661 1243 maesta
680 1203 858 1243 discedit.

151 1375 160 1387 ⁸
206 1381 450 1416 xv.—THE
484 1380 711 1416 PURSUIT
743 1381 807 1416 OF
839 1379 1119 1416 PLEASURE.

86 1484 212 1537 Saepe
236 1483 372 1523 audivi
396 1498 420 1522 a
444 1484 658 1523 maioribus
684 1491 791 1531 natu,
814 1484 882 1535 qui
906 1497 946 1523 se
971 1497 1089 1535 porro
1109 1496 1250 1535 pueros
1274 1496 1298 1521 a

32 1547 193 1587 senibus
226 1546 382 1586 audisse
411 1546 606 1593 dicebant,
638 1546 772 1584 mirari
807 1545 969 1584 solitum
999 1545 1040 1585 C.
1072 1544 1297 1584 Fabricium

32 1608 151 1662 quod,
173 1622 264 1649 cum
287 1608 393 1660 apud
422 1622 555 1661 regem
584 1608 784 1660 Pyrrhum
813 1607 967 1660 legatus
988 1613 1100 1654 esset,
1122 1606 1299 1646 audisset

31 1685 56 1711 a
74 1671 263 1712 Tbessalo
279 1671 411 1718 Cinea,
434 1683 516 1709 esse
531 1669 730 1721 quendam
746 1670 915 1708 Athenis
930 1670 999 1720 qui
1019 1682 1060 1707 se
1079 1669 1298 1720 sapientem

33 1735 308 1788 profiteretur;
341 1746 510 1784 eumque
542 1731 672 1771 dicere
704 1732 835 1771 omnia
865 1744 966 1782 quae
997 1731 1214 1770 faceremus
1246 1729 1324 1769 ads

33 1796 293 1849 voluptatem,
327 1808 410 1835 esse
442 1794 666 1834 referenda:
701 1793 807 1845 quod
841 1807 890 1832 ex
923 1806 969 1832 eo
999 1792 1206 1832 audientes
1242 1792 1295 1831 M.

34 1858 201 1912 Curium
224 1863 266 1898 et
288 1857 332 1897 T.
359 1857 651 1897 Coruncanium
680 1862 817 1907 optare
842 1855 978 1894 solitos
1004 1862 1052 1894 ut
1079 1854 1119 1893 id
1149 1854 1299 1893 Samni-

34 1921 142 1960 tibus
172 1921 328 1973 ipsique
361 1919 518 1972 Pyrrho
551 1917 865 1970 persuaderetur,
897 1930 977 1969 quo
1010 1916 1163 1956 facilius
1194 1915 1299 1955 vinci

34 1988 207 2036 possent,
229 1995 321 2022 cum
339 1995 381 2021 se
402 1980 675 2033 voluptatibus
694 1978 907 2018 dedissent.

167 2278 294 2313 (111⁷)
1138 2268 1165 2298 B
