1492 2407
467 53 622 79 monn-:s
650 55 748 79 FROM
774 55 918 81 elctno.
1280 52 1326 83 45

55 132 254 167 venturos.
315 128 400 168 Rex
429 130 603 168 maxim«)
629 138 828 170 conventu
856 132 1071 183 Syracusis,
1095 133 1134 172 in
1158 133 1253 180 foro,
1278 149 1324 173 ue

52 189 141 241 quis
167 189 272 229 forte
299 203 362 229 me
390 191 428 229 in
453 192 615 230 crimine
640 193 806 231 obscuro
834 195 979 233 versari
1001 202 1120 247 atque
1140 197 1323 247 affingere
1336 210 1369 232 ‹z›

51 251 204 304 aliquid
233 253 455 304 suspicione
483 254 687 293 hominum
713 255 941 302 arbitretur,
966 258 1004 295 in
1033 258 1126 301 soro,
1152 259 1323 309 inquam,

53 313 260 366 Syracusis
290 315 387 354 flens
416 330 460 354 ac
489 316 584 355 deos
617 317 873 369 hominesque
903 327 1129 358 contestans
1159 321 1325 360 clamare

53 376 194 428 coepit,
217 376 498 417 candelabrum
528 379 677 418 factum
708 394 728 419 e
757 381 934 432 gemmis,
964 382 1069 432 quod
1101 383 1139 420 in
1171 383 1325 434 Capito-

54 437 152 477 lium
181 439 373 478 missurus
403 447 516 488 esset,
548 442 655 492 quod
687 443 726 480 in
757 442 906 494 templo
935 443 1149 482 clarissinm
1180 445 1326 496 populo

54 500 236 540 Romano
260 511 566 541 monumentum
591 517 683 543 suae
713 505 912 543 societatis
941 506 1216 557 amicitiaeque
1241 521 1323 545 esse
1334 521 1367 545 90

54 562 256 611 voluisset,
279 564 320 602 id
347 564 420 602 sibi
449 564 491 604 C.
522 565 683 604 Verrem
707 566 935 605 abstulisse:
965 566 1013 605 de
1038 568 1176 605 ceteris
1203 569 1325 619 operi-

54 626 129 665 bus
156 639 206 665 ex
232 639 330 665 auro
357 633 397 665 et
423 628 600 678 gemmis,
623 641 724 678 quae
751 641 821 666 sua
846 642 964 679 penes
990 629 1098 667 illum
1121 638 1261 675 essent,
1284 644 1325 669 se

55 702 135 727 non
175 687 372 728 laborare:
418 689 489 727 hoc
524 690 597 728 sibi
637 690 746 741 eripi,
783 691 970 729 miserum
1006 704 1088 730 esse
1123 698 1163 730 et
1202 692 1325 744 indig-

56 764 165 789 num.

111 815 145 851 4.
179 813 266 852 Rex
298 813 531 860 Antiochus,
564 814 713 852 amicus
744 820 784 852 et
817 815 944 853 socius
976 815 1109 866 populi
1143 815 1320 862 Romani,
1333 828 1369 852 95

55 875 294 914 amicissimo
314 882 437 927 patre,
461 889 545 923 avo,
571 876 796 924 maioribus,
819 877 1106 927 antiquissimis
1132 884 1171 916 et
1197 878 1324 916 claris-

55 937 165 976 simis
196 937 366 990 regibus,
394 937 695 989 opulentissimo
719 944 759 976 et
786 939 959 977 maximo
983 952 1114 991 regno,
1141 953 1325 991 praeceps

55 999 259 1051 provincia
275 999 410 1051 populi
428 999 597 1038 Romani
614 1001 851 1039 exturbatus
867 1008 937 1039 est.
983 1001 1324 1049 Quemadmodum

56 1061 130 1101 hoc
167 1068 397 1114 accepturas
429 1062 610 1101 nationes
642 1069 809 1110 exteras,
843 1063 1177 1114 quemadmodum
1209 1064 1325 1102 huius

55 1124 118 1163 tui
157 1123 253 1163 facti
285 1123 432 1162 famam
471 1124 513 1163 in
551 1138 673 1176 regna
711 1124 879 1164 aliorum
917 1132 1038 1176 atque
1077 1126 1116 1163 in
1165 1125 1324 1164 ultimas
1344 1137 1388 1164 100

55 1192 182 1226 terras
220 1193 504 1238 perventuram
543 1187 706 1238 putasti,
743 1200 832 1225 cum
862 1187 1057 1234 audirent,
1091 1201 1114 1225 a
1146 1194 1325 1238 praetore

55 1249 193 1301 populi
224 1248 394 1288 Romani
424 1249 465 1287 in
495 1249 699 1300 provincia
723 1249 915 1288 violatum
946 1263 1088 1301 regem,
1112 1249 1324 1300 spoliatum

56 1311 266 1363 hospitem,
302 1311 472 1350 eiectum
507 1311 656 1349 socium
696 1311 831 1362 populi
871 1311 1038 1350 Romani
1075 1319 1196 1362 atque
1233 1311 1325 1349 ami-

55 1375 170 1413 cum'l
208 1372 368 1412 Nomen
402 1379 580 1412 vestrum
616 1373 831 1424 populique
870 1373 1038 1412 Romani
1077 1373 1168 1412 odio
1205 1378 1325 1424 atque

55 1435 265 1474 acerbitati
295 1435 436 1474 scitote
477 1435 708 1474 nationibus
749 1436 905 1482 exteris,
938 1435 1096 1483 iudices,
1130 1435 1322 1482 futurum,
1343 1450 1390 1476 10⁶

55 1498 90 1537 si
123 1497 240 1536 istius
274 1496 370 1536 haec
404 1504 517 1535 tanta
548 1498 693 1535 iniuria
725 1498 922 1548 impunita
952 1497 1185 1536 discesserit.
1263 1497 1326 1535 Sic

56 1573 194 1600 omnes
213 1560 528 1607 arbitrabuntur,
552 1560 785 1611 praesertim
811 1573 900 1598 cum
922 1559 1016 1598 haec
1041 1559 1202 1598 omnino
1222 1559 1327 1597 fama

56 1623 107 1662 de
146 1628 375 1662 nostrorum
413 1622 620 1661 hominum
655 1622 824 1660 avaritia
855 1629 895 1660 et
925 1621 1145 1673 cupiditate
1179 1634 1327 1672 percre-

56 1685 222 1733 bruerit,
254 1698 334 1724 non
367 1685 482 1723 istius
515 1683 637 1723 solius
671 1683 744 1722 hoc
778 1697 861 1722 esse
895 1683 1057 1730 facinus,
1089 1682 1157 1721 sed
1191 1695 1327 1721 eorum

58 1747 179 1787 etiam
199 1747 268 1798 qui
287 1747 557 1798 approbarint.
620 1745 741 1784 Multi
762 1758 883 1797 reges,
902 1744 1050 1783 multae
1072 1744 1217 1783 liberae
1237 1743 1328 1782 civi·
1346 1762 1389 1787 no

58 1814 173 1857 tates,
196 1808 314 1848 multi
341 1809 487 1860 privati
515 1807 694 1860 opulenti
714 1821 758 1846 ac
779 1813 962 1859 potentes
982 1806 1132 1845 habent
1151 1805 1328 1857 profecto

57 1871 99 1910 in
127 1871 261 1910 animo
290 1869 534 1922 Capitolium
563 1870 617 1908 sic
646 1882 796 1916 ornare,
820 1875 866 1907 ut
895 1868 1032 1920 templi
1062 1868 1236 1919 dignitas
1260 1867 1328 1905 im·

56 1933 223 1985 porique
260 1933 386 1972 nostri
426 1946 569 1971 nomen
607 1932 825 1971 desiderat:
873 1931 942 1982 qui
980 1931 1011 1969 si
1044 1930 1324 1975 intellexerint,

56 1995 279 2036 interverso
298 1995 422 2048 regali
442 1995 515 2034 hoc
534 1995 649 2041 dono,
671 1994 848 2046 graviter
868 2007 936 2032 vos
953 1992 1100 2039 tulisse,
1115 1998 1230 2045 grata
1245 1991 1329 2030 fore

57 2058 170 2098 vobis
195 2057 424 2110 populoque
451 2058 629 2096 Romano
649 2070 720 2095 sua
741 2055 874 2094 studia
893 2069 937 2094 ac
957 2055 1062 2094 dona
1081 2053 1328 2093 arbitrabun-
1345 2067 1390 2093 11⁵

56 2125 135 2160 tur.
195 2120 267 2160 Sin
293 2120 367 2159 hoc
394 2134 462 2159 vos
489 2120 529 2158 in
556 2132 648 2171 rege
674 2124 757 2157 tam
782 2117 914 2164 nobili,
938 2117 978 2156 in
1003 2130 1044 2156 re
1067 2122 1150 2155 tam
1171 2115 1326 2161 eximia,

57 2181 100 2221 in
119 2182 266 2222 iniuria
285 2188 370 2222 tam
389 2182 529 2221 acerba
545 2181 766 2234 neglexisse
780 2179 990 2226 audierint,
1010 2192 1089 2217 non
1109 2184 1227 2217 erunt
1247 2183 1329 2216 tam
