1492 2407
463 77 618 103 sromt-:s
645 77 744 103 raon
770 78 915 104 cicsno.
1277 73 1322 107 37

51 163 364 204 misericordiam
407 178 447 204 se
490 165 659 204 movisse
699 172 868 217 putaret,
910 175 1119 219 postquam
1162 167 1319 215 assedit,

51 226 211 279 rogavit
248 239 338 265 eum
374 226 628 266 videreturne
666 228 971 267 misericordiam
1012 230 1190 276 movisse,
1230 235 1251 251 ‘⁴
1265 231 1323 269 Ac

51 301 238 340 magnam
273 287 434 340 quidem
450 289 478 336 ”’,
513 290 664 341 inquit3
705 296 727 311 “
741 291 936 330 neminem
972 292 1077 330 enim
1112 300 1210 344 puto
1239 306 1322 332 esse

51 355 137 390 tam
156 349 314 398 durum,
337 351 399 390 cui
421 365 498 390 non
521 353 648 391 oratio
668 359 737 391 tua
757 353 977 392 miseranda
1000 355 1082 392 visa
1102 355 1154 392 sit
1169 354 1197 393 ''.
1332 369 1364 393 so

107 413 164 464 (q)
194 412 296 452 Cato
315 426 405 452 cum
427 427 633 464 percussus
653 422 755 453 esset
776 415 825 453 ab
852 428 898 454 eo
918 416 984 466 qui
1005 429 1134 454 arcam
1156 415 1319 464 ferebat,

51 487 144 514 cum
163 474 230 514 ille
249 474 410 522 diceret,
429 480 452 496 “
465 475 571 515 Cave
586 476 614 522 '’,
633 477 799 528 rogavit,
822 477 1050 528 “numquid
1071 477 1178 516 aliud
1200 478 1322 517 ferret

51 543 213 590 praeter
231 551 362 576 arcam
374 540 387 577 2
401 537 419 552 ⁷’

107 599 166 651 (h)
195 599 362 646 Siculus,
381 599 443 638 cui
465 608 623 651 praetor
643 600 774 651 Scipio
795 609 1005 651 patronum
1027 615 1184 640 caussae
1199 601 1321 640 dabat

53 661 252 713 hospitem
281 675 407 709 suum,
441 661 640 700 hominem
671 662 853 709 nobilem,
885 663 953 701 sed
983 663 1197 702 admodum
1226 663 1363 704 stul-ss,

51 728 152 771 tum,
171 724 356 773 “Quaeso
365 723 393 771 ”‚
410 724 551 775 inquit,
574 730 771 775 “praetor‚
787 724 1013 763 adversario
1028 739 1116 764 meo
1130 725 1181 764 da
1200 726 1320 764 istum

51 792 278 838 patronum,
301 785 446 825 deinde
467 786 563 824 mihi
586 786 782 825 neminem
803 785 997 825 dederis‘’.

108 848 156 899 (ι’)
187 848 362 887 Patrono
393 848 506 895 malo,
537 861 626 886 cum
655 862 791 887 vocem
820 849 860 886 in
889 848 1057 887 dicendo
1086 848 1318 896 obtudisset,

53 910 247 949 suadebat
273 910 457 957 Granius,
480 918 526 948 ut.
553 910 725 949 mulsum
755 910 946 962 frigidum
972 911 1135 958 biberet,
1158 910 1320 949 simulac

53 971 218 1012 domum
233 971 418 1011 redisset:
443 972 679 1019 “Perdam'’,
696 973 836 1023 inquit,
856 977 1032 1020 “vocem‚
1048 973 1079 1011 si
1096 972 1136 1011 id
1152 972 1317 1012 fecero’‘.
1331 991 1363 1015 ⁴0

58 1033 234 1074 “Melius
254 1034 349 1082 est,”
369 1035 511 1086 inquit,
538 1040 691 1085 “quam
713 1034 858 1072 reum.''

179 1174 525 1210 XLVIII.—THE
560 1173 750 1209 SEcRET
782 1174 846 1209 OF
884 1173 1203 1218 ELOQUENCE.

109 1272 228 1310 Actio
254 1271 295 1310 in
319 1270 488 1310 dicendo
516 1284 595 1310 una
624 1271 862 1310 dominatur.
922 1271 1015 1311 Sine
1044 1271 1117 1310 hac
1145 1285 1323 1310 summus

54 1339 190 1373 orator
220 1346 305 1372 esse
335 1334 377 1372 in
410 1347 576 1372 numero
610 1333 720 1372 nullo
753 1340 894 1388 potest,
927 1333 1134 1373 mediocris
1168 1333 1240 1372 hac
1268 1334 1323 1372 in-

54 1402 233 1436 structus
261 1409 437 1435 summos
466 1409 581 1447 saepe
610 1409 805 1447 superare.
866 1395 969 1434 Huic
998 1397 1145 1448 primas
1168 1395 1323 1434 dedisse

55 1458 348 1498 Demosthenes
381 1457 539 1505 dicitur,
577 1471 666 1496 cum
705 1465 912 1510 rogaretur
945 1458 1042 1509 quid
1080 1459 1121 1496 in
1154 1457 1323 1496 dicendo

55 1527 161 1560 esset
194 1521 378 1572 primum,
414 1520 506 1558 huic
539 1519 741 1567 secundas,
774 1520 863 1558 huic
897 1521 1045 1559 tertias.
1105 1519 1193 1568 Quo
1225 1519 1349 1557 mihis

56 1582 198 1622 melius
218 1582 341 1621 etiam
366 1581 466 1620 illud
492 1582 542 1620 ab
562 1582 758 1621 Aeschine
784 1582 935 1620 dictum
957 1581 1081 1621 videri
1109 1581 1219 1628 solet,
1241 1581 1321 1632 qui,

56 1658 148 1684 cum
177 1650 342 1696 propter
370 1645 629 1696 ignominiam
659 1645 778 1683 iudici
809 1645 987 1683 cessisset
1016 1643 1186 1682 Athenis
1215 1649 1256 1682 et
1283 1656 1325 1681 se

57 1706 248 1747 Rhodum
282 1706 525 1753 contulisset,
563 1714 725 1758 rogatus
758 1720 781 1744 a
815 1706 990 1753 Rhodiis,
1024 1705 1165 1757 legisse
1198 1704 1326 1744 fertur

57 1769 280 1809 orationem
306 1768 415 1807 illam
442 1769 640 1820 egregiam
661 1782 780 1820 quam
807 1769 846 1807 in
868 1767 1168 1819 Ctesiphontem
1189 1773 1326 1806 contra

57 1830 372 1871 Demosthenem
400 1830 577 1878 dixerat3
605 1844 684 1882 qua
708 1830 890 1882 perlecta,
920 1830 1091 1881 petitum
1118 1835 1178 1868 est
1203 1829 1253 1867 ab
1279 1841 1325 1867 eo
1338 1841 1368 1866 10

58 1892 253 1946 postridie
278 1899 326 1932 ut
354 1893 504 1945 legeret
533 1892 641 1931 illam
669 1893 788 1931 etiam
815 1905 916 1943 quae
936 1897 1021 1930 erat
1049 1897 1186 1930 contra
1205 1904 1228 1929 a
1251 1890 1325 1929 De-

58 1955 268 1996 mosthene
297 1968 369 2008 pro
397 1954 657 2006 Ctesiphonte
684 1954 809 1993 edita:
840 1967 959 2005 quam
979 1966 1068 1992 cum
1095 1952 1327 1991 suavissima

59 2023 102 2058 et
112 2018 288 2057 maxima
300 2031 396 2057 voce
409 2017 579 2070 legisset,
595 2016 884 2055 admirantibus
898 2015 1091 2062 omnibus,
1105 2013 1327 2063 “Quanto,''

58 2079 203 2132 inquit,
229 2080 390 2132 “magis
416 2079 721 2126 admiraremini,
745 2079 776 2116 si
797 2078 1007 2116 audissetis
1036 2076 1212 2128 ipsum!'’
1267 2075 1327 2114 Ex

59 2155 140 2194 quo
178 2142 273 2181 satis
311 2142 560 2194 significavit,
602 2147 796 2192 quantum
835 2146 938 2179 esset
975 2140 1015 2178 in
1053 2139 1218 2186 actione,
1259 2138 1326 2190 qui
1340 2152 1370 2176 15

59 2203 282 2242 orationem
303 2203 470 2243 eandem
489 2203 608 2242 aliam
628 2216 711 2242 esse
730 2208 901 2254 putaret,
923 2207 1055 2240 actore
1075 2206 1240 2240 mutato.
