1492 2407
477 89 631 115 sromns
658 90 758 116 raon
786 92 928 117 cimmo,
1293 88 1340 119 43

63 162 134 214 qui
167 162 392 202 Antiochus
423 172 596 213 vocatur,
629 166 706 206 iter
737 181 807 219 per
835 168 1008 207 Siciliam
1040 169 1167 209 facere
1199 170 1335 210 voluit.

65 223 218 276 ltaque,
241 224 320 264 isto
340 233 532 277 praetore,
552 228 662 266 venit
683 229 908 280 Syracusas.
971 231 1045 269 Hic
1071 231 1211 270 Verres
1233 232 1338 271 here-

64 285 235 326 ditatem
260 287 336 326 sibi
363 289 516 328 venisse
542 290 760 330 arbitratus
781 300 851 339 est,
874 293 980 343 quod
1003 294 1042 331 in
1063 294 1147 332 eius
1173 308 1338 346 regnum

64 362 110 388 ac
134 362 276 389 manus
302 359 465 390 venerat
490 352 532 399 is,
555 366 675 403 quem
701 354 776 393 iste
797 362 837 393 et
857 355 1039 394 audierat
1059 356 1186 395 multa
1206 370 1339 395 secum

65 411 266 464 praeclara
286 412 441 461 habere,
461 421 500 452 et
516 415 801 466 suspicabatur.
845 417 976 455 Mittit
997 417 1146 456 homini
1174 432 1338 457 munera
1349 432 1380 457 20

65 474 162 514 satis
186 474 314 527 large3
343 475 438 514 haec
464 476 514 514 ad
542 490 657 515 usum
684 477 964 528 domesticum:
995 479 1080 528 olei,
1111 480 1204 527 vini,
1231 480 1338 532 quod

66 537 197 576 visum
225 546 329 577 erat:
370 539 491 577 etiam
522 540 655 586 tritici,
687 540 794 591 quod
824 542 919 579 satis
949 549 1061 589 esset,
1087 542 1137 581 de
1166 543 1247 581 suis
1275 542 1339 581 de-

67 600 203 639 cumis.
259 600 415 640 Deinde
436 602 564 652 ipsum
587 615 718 654 regem
739 603 789 641 ad
811 617 946 641 cenam
968 605 1143 652 vocavit3
1171 611 1339 643 exornat

65 661 197 714 ample
212 663 498 715 magnificeque
515 664 750 704 triclinium:
772 666 937 716 exponit
957 680 1012 713 ea,
1031 667 1175 717 quibus
1190 666 1339 705 abund-

65 723 170 772 abat,
208 724 379 776 plurima
411 740 455 764 ac
490 726 753 777 pulcherrima
785 741 877 765 vasa
909 736 1114 780 argentea:
1155 728 1380 767 omnibus2⁵

66 794 180 825 curat
213 787 331 826 rebus
364 788 605 827 instructum
644 797 684 827 et
718 798 900 840 paratum
935 799 980 828 ut
1013 791 1065 828 sit
1098 790 1336 829 convivium.

67 849 173 898 Quid
202 849 353 888 multa?
380 864 451 889 rex
477 851 533 889 ita
558 851 747 898 discessit,
771 859 816 890 ut
843 859 883 890 et
908 852 1027 891 istum
1055 853 1209 904 copiose
1230 866 1339 891 orna-

67 918 155 950 tum
185 919 226 951 et
253 925 295 951 se
325 912 537 952 honorifice
565 922 771 964 acceptum
800 914 1071 953 arbitraretur.
1134 914 1258 953 Vocat
1288 915 1339 953 ad

67 987 206 1013 cenam
229 973 374 1014 deinde
403 975 486 1026 ipse
516 983 756 1027 praetorem:
789 977 954 1028 exponit
982 990 1072 1015 suas
1101 977 1231 1028 copias
1261 990 1339 1015 om-

69 1049 148 1084 nes,
171 1036 344 1075 multum
369 1045 591 1089 argentum,
616 1052 693 1076 non
719 1052 842 1089 pauca
861 1039 982 1077 etiam
1002 1039 1141 1090 pocula
1159 1052 1209 1078 ex
1228 1052 1335 1086 auro,
1348 1051 1380 1075 30

68 1112 181 1150 quae,
217 1106 264 1138 ut
297 1112 382 1138 mos
414 1106 474 1138 est
505 1100 637 1151 regius
671 1108 711 1138 et
745 1101 916 1139 maxime
947 1101 988 1139 in
1017 1101 1143 1152 Syria,
1172 1101 1340 1153 gemmis

69 1169 184 1200 erant
209 1161 399 1200 distincta
426 1161 661 1200 clarissimis.
721 1162 817 1200 Erat
844 1163 963 1201 etiam
985 1177 1053 1201 vas
1074 1163 1270 1202 vinarium
1291 1177 1340 1202 ex

70 1237 149 1263 una
174 1237 332 1276 gemma
359 1224 582 1276 pergrandi,
606 1224 727 1263 trulla
753 1232 952 1272 excavata,
977 1225 1185 1264 manubrio
1207 1238 1337 1264 aureo.

71 1286 152 1325 Iste
172 1299 298 1324 unum
318 1286 506 1337 quodque
523 1300 591 1325 vas
607 1287 648 1324 in
663 1300 803 1325 manus
819 1300 983 1334 sumere,
1004 1287 1174 1335 laudare,
1193 1288 1337 1326 mirari.

71 1348 159 1387 Rex
184 1347 369 1400 gaudere,
394 1349 567 1400 praetori
595 1349 730 1400 populi
758 1349 926 1387 Romani
947 1349 1042 1387 satis
1063 1349 1279 1388 iucundum
1301 1356 1382 1388 et3⁵

69 1417 232 1463 gratum
259 1410 359 1449 illud
387 1423 470 1449 esse
497 1411 734 1449 convivium.
795 1411 1058 1461 Posteaquam
1085 1411 1177 1450 inde
1203 1411 1342 1450 disces-

70 1485 159 1511 sum
193 1479 263 1519 est,
300 1472 474 1524 cogitare
509 1473 585 1510 iste
618 1472 717 1510 nihil
751 1472 871 1519 aliud,
904 1473 978 1510 nisi
1006 1473 1342 1523 quemadmodum

70 1547 207 1587 regem
236 1547 256 1573 e
291 1534 495 1585 provincia
528 1533 743 1585 spoliatum
778 1534 1077 1585 expilatumque
1106 1534 1339 1573 dimitteret.

73 1596 206 1635 Mittit
240 1602 424 1648 rogatum
456 1609 550 1634 vasa
583 1609 630 1635 ea
660 1609 761 1647 quae
793 1595 1058 1647 pulcherrima
1090 1595 1198 1647 apud
1228 1596 1341 1634 illum

74 1658 246 1698 viderat:
287 1658 344 1696 ait
372 1671 413 1697 se
440 1658 521 1696 suis
550 1658 812 1697 caelatoribus
839 1658 940 1696 velle
964 1657 1182 1696 ostendere.
1242 1658 1339 1706 Rex,
1351 1671 1384 1696 40

71 1721 141 1773 qui
170 1721 293 1759 istum
322 1733 402 1759 non
431 1726 575 1768 nosset,
607 1720 692 1758 sine
718 1719 800 1758 ulla
830 1720 1052 1771 suspicione
1082 1719 1342 1758 libentissime

71 1783 195 1822 dedit.
257 1782 389 1821 Mittit
412 1783 534 1822 etiam
560 1782 722 1821 trullam
748 1795 969 1834 gemmeam
997 1788 1198 1834 rogatum:
1243 1781 1344 1820 velle

72 1858 114 1885 se
134 1858 222 1885 eam
240 1844 474 1897 diligentius
494 1844 754 1883 considerare.
814 1843 870 1882 Ea
890 1857 1049 1895 quoque
1069 1843 1104 1882 ei
1125 1843 1313 1881 mittitur.

129 1909 163 1946 2.
194 1906 314 1946 Nunc
343 1906 552 1958 reliquum,
588 1905 748 1953 iudices,
780 1905 988 1944 attendite.
1052 1904 1343 1944 Candelabrum

73 1981 95 2009 e
121 1969 290 2022 gemmis
316 1968 542 2007 clarissimis
569 1981 686 2019 opere
715 1967 885 2006 mirabili
912 1966 1132 2019 perfectum
1158 1980 1270 2019 reges
1289 1966 1386 2014 hi‚⁴⁵

72 2044 173 2082 quos
191 2030 292 2078 dico,
315 2030 484 2069 Romam
504 2043 594 2068 cum
613 2029 854 2076 attulissent,
877 2036 924 2067 ut
950 2029 990 2067 in
1012 2028 1209 2080 Capitolio
1229 2041 1346 2080 pone-

73 2099 174 2141 rent,
188 2092 298 2144 quod
310 2092 490 2131 nondum
503 2091 723 2144 perfectum
737 2091 931 2142 templum
944 2090 1201 2138 offenderant,
1217 2103 1346 2141 neque

73 2167 221 2207 ponere
253 2160 484 2206 potuerunt,
521 2167 650 2205 neque
687 2153 808 2205 vulgo
846 2152 1054 2191 ostendere
1087 2166 1131 2190 ac
1169 2151 1346 2203 proferre

75 2216 310 2265 voluerunt;
337 2222 568 2255 statuerunt
587 2215 629 2254 id
648 2228 780 2254 secum
808 2215 849 2253 in
872 2215 1030 2266 Syriam
1050 2219 1263 2266 reportare,
1286 2220 1343 2261 ut,
