1492 2407
157 58 199 91 18
566 67 718 91 STORIES
744 67 847 91 FROM
873 67 1015 92 CICERO.

198 146 200 148 “
257 159 440 194 XV1.—“
452 159 504 194 IT
540 160 587 194 Is
623 160 725 194 BUT
760 160 942 194 DEATH
977 161 1119 196 THAT
1153 161 1325 197 COMES

659 207 728 240 AT
762 207 922 242 LAST.”

210 280 465 319 Moriendum
494 288 599 319 certe
630 287 699 328 est,
727 286 767 319 et
795 280 838 319 id
867 281 1064 320 incertum
1092 295 1143 321 an
1167 296 1214 322 eo
1242 284 1330 335 ipso
1349 283 1425 323 die.

156 341 330 381 Mortem
355 342 479 394 igitur
503 343 686 380 omnibus
711 342 818 382 horis
845 344 1144 394 impendentem
1169 345 1315 384 timens
1338 346 1427 396 quis

153 405 303 456 poterit
321 405 454 443 animo
475 405 712 444 consistere?
758 405 820 444 De
840 419 919 457 qua
939 419 1019 444 non
1038 407 1096 445 ita
1115 406 1234 459 longa
1252 407 1428 459 disputa-

153 467 262 505 tione
293 479 391 517 opus
421 479 504 505 esse
530 466 701 515 videtur,
725 481 814 506 cum
843 467 1038 516 recordor,
1071 482 1151 507 non
1180 468 1222 508 L.
1256 469 1427 508 Brutum

129 529 222 579 squi
251 528 293 566 in
322 528 527 567 liberanda
555 529 685 580 patria
714 535 774 568 est
803 530 1047 578 interfectus,
1075 544 1154 569 non
1174 530 1256 570 duo
1284 530 1427 570 Decios

153 590 223 642 qui
235 590 287 628 ad
299 590 567 629 voluntariam
582 598 752 630 mortem
765 606 923 631 cursum
937 606 1130 644 equorum
1145 592 1424 641 incitaverunt,

153 666 234 691 non
256 652 310 691 M.
329 652 502 691 Atilium
522 654 591 704 qui
611 653 662 692 ad
682 654 920 706 supplicium
941 661 1001 693 est
1020 655 1222 707 profectus
1241 661 1289 694 ut
1307 655 1427 695 fidem

153 714 259 753 hosti
297 714 434 753 datam
472 723 734 764 conservaret,
775 731 855 755 11011
888 717 969 756 duo
1007 717 1210 769 Scipiones
1244 718 1313 769 qui
1351 718 1428 757 iter

154 776 298 816 Poenis
325 777 388 816 vel
416 778 645 829 corporibus
673 779 753 817 suis
782 779 987 818 obstruere
1017 779 1242 828 voluerunt,
1271 793 1352 819 non
1381 779 1423 820 C.

114 850 144 874 10
154 839 341 878 Paullum
361 840 432 891 qui
460 846 589 879 morte
618 840 695 879 luit
718 841 889 893 collegae
918 842 959 880 in
981 841 1180 881 Cannensi
1208 843 1428 895 ignominia

154 903 434 950 temeritatem,
457 916 537 942 non
569 903 623 941 M.
649 903 881 942 Marcellum
905 904 1016 943 cuius
1045 905 1256 943 interitum
1275 918 1325 944 ne
1344 919 1427 944 cru-

154 964 380 1003 delissimus
396 965 559 1016 quidem
578 965 704 1004 hostis
725 965 872 1004 honore
893 967 1122 1018 sepulturae
1137 981 1269 1006 carere
1288 981 1427 1019 passus

155 1033 225 1075 est,
253 1027 323 1066 sed
351 1027 527 1080 legiones
556 1034 711 1067 nostras
739 1029 782 1066 in
811 1042 901 1067 eum
931 1043 1046 1080 saepe
1070 1029 1202 1068 locum
1229 1030 1427 1082 profectas

154 1090 273 1128 alacri
299 1090 433 1129 animo
453 1096 494 1129 et
514 1097 655 1138 erecto,
677 1089 784 1129 unde
803 1104 844 1130 se
864 1104 1083 1142 numquam
1106 1091 1305 1131 redituras
1327 1093 1428 1132 arbi-

114 1166 144 1191 15
155 1158 368 1191 trarentur.
429 1152 545 1201 Quod
573 1153 699 1205 igitur
725 1152 998 1193 adulescentes
1025 1160 1066 1193 et
1094 1155 1130 1193 ei
1156 1154 1319 1206 quidem
1347 1169 1427 1194 non

155 1214 283 1253 solum
316 1214 468 1254 indocti
505 1215 575 1254 sed
607 1216 726 1254 etiam
759 1217 897 1255 rustici
931 1223 1203 1265 contemnunt,
1239 1216 1282 1256 id
1319 1217 1427 1257 docti

155 1290 267 1316 senes
287 1277 574 1317 extimescent‘l

320 1377 866 1413 XV11.—THERAMENES
897 1378 1011 1412 AND
1043 1377 1259 1413 CRITIAS.

209 1455 337 1505 Quam
357 1470 420 1495 me
440 1456 613 1495 delectat
632 1456 914 1495 Theramenes!
936 1469 1056 1507 quam
1076 1455 1181 1495 elato
1200 1456 1333 1495 animo
1348 1459 1426 1495 est!

154 1518 241 1557 Etsi
266 1519 372 1557 enim
401 1520 541 1558 fiemus
565 1532 655 1557 cum
678 1518 856 1571 legimus,
883 1524 1019 1557 tamen
1045 1531 1126 1557 non
1148 1517 1428 1557 miserabiliter

154 1581 216 1619 vir
249 1581 376 1620 clarus
411 1582 612 1620 emoritur.
672 1581 750 1630 Qui
783 1594 882 1628 cum,
919 1581 1119 1620 conjectus
1156 1581 1199 1619 in
1232 1594 1428 1619 carcerem

153 1643 322 1696 triginta
336 1644 447 1682 iussu
462 1651 736 1696 tyrannorum,
753 1657 951 1682 venenum
967 1649 1013 1682 ut
1027 1643 1166 1682 sitiens
1181 1642 1424 1689 obduxisset,

129 1705 353 1756 sreliquum
382 1707 436 1744 sic
460 1720 481 1745 e
507 1706 648 1758 poculo
668 1707 784 1745 eiecit
806 1712 853 1744 ut
872 1705 915 1744 id
942 1711 1164 1744 resonaret:
1193 1718 1274 1757 quo
1292 1705 1427 1743 sonitu

154 1768 323 1816 reddito,
339 1768 528 1817 arridens,
548 1768 788 1820 “Propino'’‚
804 1769 947 1820 inquit,
967 1768 1069 1807 “hoc
1083 1767 1221 1820 pulcro
1236 1766 1423 1814 Critiae'',

154 1831 222 1882 qui
242 1831 284 1869 in
305 1845 396 1869 eum
416 1831 547 1870 fuerat
563 1832 825 1870 taeterrimus.
886 1831 1027 1870 Graeci
1047 1830 1154 1870 enim
1172 1830 1214 1868 in
1234 1829 1426 1869 conviviis

154 1893 283 1932 solent
312 1894 527 1941 nominare,
551 1894 614 1932 cui
642 1893 829 1945 poculum
857 1893 1047 1932 tradituri
1076 1892 1166 1931 sint.
1225 1891 1342 1931 Lusit
1364 1893 1426 1931 vir

154 1956 336 2008 egregius
357 1962 536 1995 extremo
556 1957 709 2008 spiritu,
733 1970 823 1995 cum
837 1956 917 1994 iam
935 1954 1175 2007 praecordiis
1194 1960 1426 2006 conceptam

114 2029 145 2053 10
154 2026 325 2057 mortem
346 2019 578 2066 contineret,
596 2033 768 2070 vereque
789 2020 834 2066 ei,
858 2019 921 2057 cui
940 2031 1140 2057 venenum
1159 2017 1421 2068 praebiberat,

154 2088 324 2120 mortem
359 2089 419 2120 est
457 2096 543 2120 eam
581 2088 799 2134 auguratus
830 2095 932 2133 quae
961 2081 1074 2120 brevi
1107 2085 1318 2119 consecuta
1351 2085 1421 2119 est.

155 2142 251 2191 Quis
280 2143 381 2181 hanc
407 2144 529 2182 animi
558 2144 723 2182 maximi
751 2145 996 2195 aequitatem
1019 2144 1062 2182 in
1086 2144 1172 2196 ipsa
1195 2149 1326 2184 morte
1345 2143 1425 2183 lau-

153 2204 278 2253 daret,
301 2206 334 2244 si
353 2212 523 2245 mortem
543 2206 692 2245 malum
711 2206 929 2245 iudicaret?
