1492 2407
171 45 222 77 34
585 55 738 80 STORIES
765 55 866 79 FROM
892 55 1036 80 CICERO.

173 139 446 180 adulescentes
486 154 569 179 esse
607 148 648 180 et
685 142 810 180 bonos
848 141 978 189 duces,
1020 155 1062 181 se
1099 143 1178 181 iam
1221 143 1446 184 confectum

174 202 415 241 senectute'’.
482 202 605 242 Cuius
652 217 742 242 cum
791 204 981 242 valuisset
1028 206 1254 254 auctoritas,
1297 207 1445 259 captivi

131 279 165 305 20
175 265 321 303 retenti
342 271 445 312 sunt,
464 265 548 316 ipse
570 265 860 317 Karthaginem
882 266 1019 305 rediit:
1050 280 1177 318 neque
1191 281 1282 307 eum
1303 270 1446 308 caritas

174 327 327 378 patriae
347 327 515 365 retinuit
535 340 606 365 nec
626 341 799 366 suorum.
859 328 1001 379 Neque
1015 342 1109 368 vero
1129 335 1216 368 tum
1236 331 1447 383 ignorabat

170 402 214 427 se
247 388 298 426 ad
332 387 647 427 crudelissimum
679 389 835 428 hostem
869 396 910 428 et
941 390 992 429 ad
1024 391 1223 442 exquisita
1253 393 1447 445 supplicia

172 451 384 502 proficisci3
440 450 509 489 sed
566 451 843 490 iusiurandum
901 453 1216 492 conservandum
1263 455 1442 506 putabat.

173 513 316 564 Itaque
346 519 444 560 tum,
477 526 567 551 cum
598 513 802 566 vigilando
833 515 1060 564 necabatur,
1095 522 1181 554 erat
1211 516 1252 554 in
1283 517 1446 556 meliore

132 587 163 613 25
174 588 310 613 caussa
336 589 456 626 quam
477 576 509 614 si
530 576 638 615 domi
659 590 781 616 senex
801 577 994 629 captivus,
1018 578 1201 629 periurus
1228 578 1444 618 consularis

172 638 436 677 remansisset.

226 779 527 814 XLIV-THE
562 780 765 815 SENATE
801 781 913 815 AND
947 781 1053 815 THE
1088 781 1386 818 PRISONERS.

225 877 304 916 Sed
324 883 371 916 ut
390 877 614 917 laudandus
635 878 813 931 Regulus
829 879 871 917 in
888 879 1159 918 conservando
1174 879 1441 928 iureiurando,

170 941 225 979 sic
251 940 388 979 decem
414 940 482 988 illi,
507 954 606 992 quos
632 947 723 992 post
750 941 999 980 Cannensem
1020 955 1197 993 pugnam
1222 942 1374 981 iuratos
1393 942 1444 981 ad

170 1008 354 1041 senatum
374 1003 483 1041 misit
504 1003 708 1042 Hannibal
729 1017 769 1042 se
790 1004 831 1042 in
852 1010 980 1042 castra
995 1003 1195 1043 redituros
1212 1018 1257 1043 ea
1272 1018 1443 1055 quorum

169 1066 289 1116 potiti
303 1071 416 1104 erant
437 1066 571 1114 Poeni,
588 1066 664 1105 nisi
684 1066 734 1105 de
754 1066 997 1105 redimendis
1010 1066 1177 1118 captivis
1198 1067 1444 1118 impetravis-

145 1145 160 1169 5
171 1134 269 1175 sent,
286 1128 318 1166 si
338 1141 418 1167 non
438 1128 654 1176 redierunt,
671 1128 936 1180 vituperandi.
978 1128 1040 1167 De
1053 1129 1197 1179 quibus
1211 1142 1291 1168 non
1306 1143 1442 1169 omnes

169 1203 250 1228 uno
263 1190 391 1229 modo.
434 1190 539 1229 Nam
560 1190 762 1242 Polybius,
779 1191 907 1230 bonus
926 1197 1066 1230 auctor
1084 1191 1290 1242 imprimis,
1306 1192 1442 1231 scribit

169 1265 220 1291 ex
239 1252 376 1291 decem
396 1253 662 1301 nobilissimis,
681 1254 751 1304 qui
770 1259 859 1292 tum
879 1260 993 1292 erant
1013 1253 1132 1300 missi,
1151 1267 1296 1292 novem
1315 1267 1443 1293 rever-

164 1315 273 1363 tisse,
296 1329 319 1353 a
344 1322 485 1354 senatu
511 1329 553 1354 re
577 1329 656 1354 non
682 1316 912 1367 impetrata:
942 1329 1079 1363 unum,
1101 1316 1170 1366 qui
1195 1315 1330 1367 paullo
1352 1322 1443 1368 post

169 1391 290 1428 quam
316 1391 497 1430 egressus
518 1384 607 1417 erat
624 1392 644 1417 e
665 1379 803 1416 castris
823 1378 1003 1426 redisset,
1026 1378 1140 1429 quasi
1165 1377 1319 1429 aliquid
1339 1385 1443 1417 esset

128 1453 159 1478 10
170 1439 327 1487 oblitus,
369 1440 520 1479 Romae
558 1441 803 1479 remansisse.
882 1440 1033 1479 Reditu
1071 1440 1178 1479 enim
1224 1441 1267 1479 in
1314 1446 1442 1479 castra

168 1501 382 1542 liberatum
402 1516 443 1542 se
459 1517 542 1542 esse
558 1503 815 1542 iureiurando
831 1503 1174 1555 interpretabatur
1182 1518 1193 1551 3
1220 1516 1301 1541 non
1315 1509 1422 1542 recte
1431 1519 1442 1552 3

168 1564 277 1604 fraus
298 1566 404 1604 enim
423 1566 612 1618 astringit
627 1580 705 1605 non
726 1565 911 1605 dissolvit
930 1565 1160 1617 periurium.
1215 1565 1358 1616 Itaque
1377 1565 1442 1604 de-

168 1628 294 1666 crevit
307 1634 468 1667 senatus
481 1635 527 1666 ut
539 1628 606 1667 ille
613 1634 815 1668 veterator
828 1634 869 1667 et
882 1627 1047 1666 callidus
1054 1628 1213 1666 vinctus
1225 1627 1278 1666 ad
1290 1627 1441 1666 Hanni-

167 1689 297 1728 balem
317 1690 540 1730 duceretur.
600 1690 679 1730 Sed
699 1691 800 1729 illud
820 1691 1051 1729 maximum.
1111 1689 1213 1729 Octo
1233 1689 1439 1728 hominum

127 1763 158 1789 15
168 1752 278 1790 milia
307 1753 470 1792 tenebat
500 1753 712 1801 Hannibal,
746 1767 826 1792 non
855 1767 955 1804 quos
985 1753 1026 1791 in
1055 1752 1139 1791 acie
1168 1752 1346 1803 cepisset,
1368 1758 1440 1790 aut

164 1815 237 1865 qui
256 1815 432 1866 periculo
453 1816 592 1854 mortis
613 1816 876 1868 diffugissent,
901 1815 971 1854 sed
991 1815 1061 1866 qui
1080 1814 1210 1854 relicti
1238 1814 1280 1852 in
1300 1815 1438 1852 castris

166 1876 337 1916 fuissent
367 1891 390 1915 a
421 1877 657 1917 consulibus.
730 1878 808 1917 Eos
842 1884 1004 1916 senatus
1037 1891 1116 1916 non
1152 1876 1306 1915 censuit
1339 1876 1439 1914 redi-

166 1939 342 1987 mendos,
380 1953 469 1978 cum
503 1939 545 1978 id
579 1954 701 1991 parva
735 1940 902 1992 pecunia
935 1940 1020 1978 fieri
1059 1944 1194 1991 posset
1202 1953 1213 1987 5
1254 1943 1302 1976 ut
1335 1943 1439 1977 esset

165 2001 333 2040 insitum
363 2001 558 2040 militibus
589 2003 735 2041 nostris
766 2008 837 2041 aut
868 2002 1025 2040 vincere
1055 2007 1127 2040 aut
1157 2000 1291 2039 emori.
1351 2000 1438 2049 Qua

122 2078 157 2104 20
167 2063 329 2114 quidem
360 2077 402 2103 re
432 2063 580 2111 audita,
615 2064 787 2103 fractum
817 2064 995 2103 animum
1028 2063 1267 2102 Hannibalis
1301 2062 1439 2101 scribit

166 2125 282 2173 idem,
312 2125 421 2177 quod
450 2132 610 2165 senatus
639 2126 889 2178 populusque
912 2126 1116 2165 Romanus
1135 2125 1254 2165 rebus
1283 2125 1438 2164 afflictis

166 2194 249 2226 tam
270 2189 424 2227 excelso
444 2189 577 2227 animo
598 2188 748 2227 fuisset.
