<?xml version="1.0" encoding="UTF-8"?>
<!DOCTYPE html PUBLIC "-//W3C//DTD XHTML 1.0 Transitional//EN"
    "http://www.w3.org/TR/xhtml1/DTD/xhtml1-transitional.dtd">
<html xmlns="http://www.w3.org/1999/xhtml" xml:lang="en" lang="en">
 <head>
  <title>
</title>
<meta http-equiv="Content-Type" content="text/html;charset=utf-8" />
  <meta name='ocr-system' content='tesseract 3.04.00' />
  <meta name='ocr-capabilities' content='ocr_page ocr_carea ocr_par ocr_line ocrx_word'/>
</head>
<body>
  <div class='ocr_page' id='page_1' title='image "./storiesfromcicer00ciceuoft_0055.png"; bbox 0 0 1492 2407; ppageno 0'>
   <div class='ocr_carea' id='block_1_1' title="bbox 474 65 1327 98">
    <p class='ocr_par' dir='ltr' id='par_1_1' title="bbox 474 65 1327 98">
     <span class='ocr_line' id='line_1_1' title="bbox 474 65 1327 98; baseline 0.007 -7"><span class='ocrx_word' id='word_1_1' title='bbox 474 66 627 92; x_wconf 69' lang='lat' dir='ltr'>sromm</span> <span class='ocrx_word' id='word_1_2' title='bbox 652 67 754 93; x_wconf 72' lang='lat' dir='ltr'>mou</span> <span class='ocrx_word' id='word_1_3' title='bbox 779 68 924 95; x_wconf 73' lang='lat' dir='ltr'>elczno.</span> <span class='ocrx_word' id='word_1_4' title='bbox 1287 65 1327 98; x_wconf 84' lang='lat'>51</span> 
     </span>
    </p>
   </div>
   <div class='ocr_carea' id='block_1_2' title="bbox 57 141 1370 2251">
    <p class='ocr_par' dir='ltr' id='par_1_2' title="bbox 57 141 1370 2251">
     <span class='ocr_line' id='line_1_2' title="bbox 60 141 1329 199; baseline 0.004 -17"><span class='ocrx_word' id='word_1_5' title='bbox 60 141 313 194; x_wconf 72' lang='lat' dir='ltr'>recepissent.</span> <span class='ocrx_word' id='word_1_6' title='bbox 372 141 474 182; x_wconf 89' lang='lat' dir='ltr'>Tum</span> <span class='ocrx_word' id='word_1_7' title='bbox 514 143 725 197; x_wconf 84' lang='lat' dir='ltr'><strong>Cethegus,</strong></span> <span class='ocrx_word' id='word_1_8' title='bbox 767 146 835 197; x_wconf 89' lang='lat' dir='ltr'>qui</span> <span class='ocrx_word' id='word_1_9' title='bbox 875 145 1008 198; x_wconf 83' lang='lat' dir='ltr'>paullo</span> <span class='ocrx_word' id='word_1_10' title='bbox 1044 154 1138 186; x_wconf 79' lang='lat' dir='ltr'>ante</span> <span class='ocrx_word' id='word_1_11' title='bbox 1179 147 1329 199; x_wconf 78' lang='lat' dir='ltr'>aliquid</span> 
     </span>
     <span class='ocr_line' id='line_1_3' title="bbox 60 203 1331 262; baseline 0.005 -19"><span class='ocrx_word' id='word_1_12' title='bbox 60 209 197 244; x_wconf 75' lang='lat' dir='ltr'>tamen</span> <span class='ocrx_word' id='word_1_13' title='bbox 215 203 266 244; x_wconf 87' lang='lat' dir='ltr'>de</span> <span class='ocrx_word' id='word_1_14' title='bbox 290 204 434 258; x_wconf 83' lang='lat' dir='ltr'>gladiis</span> <span class='ocrx_word' id='word_1_15' title='bbox 453 219 499 244; x_wconf 88' lang='lat' dir='ltr'>ac</span> <span class='ocrx_word' id='word_1_16' title='bbox 524 207 624 254; x_wconf 87' lang='lat' dir='ltr'>sicis,</span> <span class='ocrx_word' id='word_1_17' title='bbox 647 220 748 258; x_wconf 86' lang='lat' dir='ltr'>quae</span> <span class='ocrx_word' id='word_1_18' title='bbox 774 208 880 260; x_wconf 87' lang='lat' dir='ltr'>apud</span> <span class='ocrx_word' id='word_1_19' title='bbox 902 209 1030 260; x_wconf 89' lang='lat' dir='ltr'>ipsum</span> <span class='ocrx_word' id='word_1_20' title='bbox 1058 215 1171 248; x_wconf 86' lang='lat' dir='ltr'>erant</span> <span class='ocrx_word' id='word_1_21' title='bbox 1195 209 1331 262; x_wconf 86' lang='lat' dir='ltr'>depre-</span> 
     </span>
     <span class='ocr_line' id='line_1_4' title="bbox 60 265 1328 323; baseline 0.005 -17"><span class='ocrx_word' id='word_1_22' title='bbox 60 265 218 316; x_wconf 82' lang='lat' dir='ltr'>hensae,</span> <span class='ocrx_word' id='word_1_23' title='bbox 259 268 527 320; x_wconf 79' lang='lat' dir='ltr'>respondisset</span> <span class='ocrx_word' id='word_1_24' title='bbox 563 268 820 321; x_wconf 81' lang='lat' dir='ltr'>dixissetque,</span> <span class='ocrx_word' id='word_1_25' title='bbox 861 284 901 310; x_wconf 91' lang='lat' dir='ltr'>se</span> <span class='ocrx_word' id='word_1_26' title='bbox 939 285 1095 323; x_wconf 80' lang='lat' dir='ltr'>semper</span> <span class='ocrx_word' id='word_1_27' title='bbox 1135 273 1328 312; x_wconf 91' lang='lat' dir='ltr'>bonorum</span> 
     </span>
     <span class='ocr_line' id='line_1_5' title="bbox 60 328 1370 379; baseline 0.002 -10"><span class='ocrx_word' id='word_1_28' title='bbox 60 328 393 370; x_wconf 69' lang='lat' dir='ltr'>ferramentorum</span> <span class='ocrx_word' id='word_1_29' title='bbox 419 330 643 370; x_wconf 88' lang='lat' dir='ltr'>studiosum</span> <span class='ocrx_word' id='word_1_30' title='bbox 670 331 800 379; x_wconf 85' lang='lat' dir='ltr'>fuisse,</span> <span class='ocrx_word' id='word_1_31' title='bbox 825 333 998 371; x_wconf 85' lang='lat' dir='ltr'>recitatis</span> <span class='ocrx_word' id='word_1_32' title='bbox 1025 333 1168 373; x_wconf 86' lang='lat' dir='ltr'>litteris</span> <span class='ocrx_word' id='word_1_33' title='bbox 1193 334 1328 374; x_wconf 88' lang='lat' dir='ltr'>debili·</span> <span class='ocrx_word' id='word_1_34' title='bbox 1340 346 1370 371; x_wconf 87' lang='lat'>10</span> 
     </span>
     <span class='ocr_line' id='line_1_6' title="bbox 60 394 1329 448; baseline 0.004 -16"><span class='ocrx_word' id='word_1_35' title='bbox 60 397 171 432; x_wconf 73' lang='lat' dir='ltr'>tatus</span> <span class='ocrx_word' id='word_1_36' title='bbox 198 399 320 445; x_wconf 87' lang='lat' dir='ltr'>atque</span> <span class='ocrx_word' id='word_1_37' title='bbox 343 394 530 441; x_wconf 86' lang='lat' dir='ltr'>abiectus,</span> <span class='ocrx_word' id='word_1_38' title='bbox 554 395 793 433; x_wconf 87' lang='lat' dir='ltr'>conscientia</span> <span class='ocrx_word' id='word_1_39' title='bbox 822 396 1026 434; x_wconf 87' lang='lat' dir='ltr'>convictus</span> <span class='ocrx_word' id='word_1_40' title='bbox 1056 404 1218 448; x_wconf 87' lang='lat' dir='ltr'>repente</span> <span class='ocrx_word' id='word_1_41' title='bbox 1241 411 1329 437; x_wconf 89' lang='lat' dir='ltr'>con-</span> 
     </span>
     <span class='ocr_line' id='line_1_7' title="bbox 60 450 1329 510; baseline 0.004 -16"><span class='ocrx_word' id='word_1_42' title='bbox 60 455 188 495; x_wconf 86' lang='lat' dir='ltr'>ticuit.</span> <span class='ocrx_word' id='word_1_43' title='bbox 248 450 506 495; x_wconf 81' lang='lat' dir='ltr'>Introductus</span> <span class='ocrx_word' id='word_1_44' title='bbox 530 464 591 495; x_wconf 90' lang='lat' dir='ltr'>est</span> <span class='ocrx_word' id='word_1_45' title='bbox 612 457 812 495; x_wconf 75' lang='lat' dir='ltr'>Statilius:</span> <span class='ocrx_word' id='word_1_46' title='bbox 842 458 1030 509; x_wconf 77' lang='lat' dir='ltr'>cognovit</span> <span class='ocrx_word' id='word_1_47' title='bbox 1049 465 1090 497; x_wconf 89' lang='lat' dir='ltr'>et</span> <span class='ocrx_word' id='word_1_48' title='bbox 1109 459 1266 510; x_wconf 84' lang='lat' dir='ltr'>signum</span> <span class='ocrx_word' id='word_1_49' title='bbox 1287 468 1329 499; x_wconf 88' lang='lat' dir='ltr'>et</span> 
     </span>
     <span class='ocr_line' id='line_1_8' title="bbox 59 518 1327 560; baseline 0.003 -4"><span class='ocrx_word' id='word_1_50' title='bbox 59 531 223 556; x_wconf 86' lang='lat' dir='ltr'>manum</span> <span class='ocrx_word' id='word_1_51' title='bbox 252 532 374 557; x_wconf 87' lang='lat' dir='ltr'>suam.</span> <span class='ocrx_word' id='word_1_52' title='bbox 435 518 638 557; x_wconf 82' lang='lat' dir='ltr'>Recitatae</span> <span class='ocrx_word' id='word_1_53' title='bbox 668 526 761 557; x_wconf 88' lang='lat' dir='ltr'>sunt</span> <span class='ocrx_word' id='word_1_54' title='bbox 789 519 956 558; x_wconf 80' lang='lat' dir='ltr'>tabellae</span> <span class='ocrx_word' id='word_1_55' title='bbox 986 519 1025 558; x_wconf 92' lang='lat' dir='ltr'>in</span> <span class='ocrx_word' id='word_1_56' title='bbox 1053 520 1218 559; x_wconf 90' lang='lat' dir='ltr'>eandem</span> <span class='ocrx_word' id='word_1_57' title='bbox 1245 520 1327 560; x_wconf 85' lang='lat' dir='ltr'>fere</span> 
     </span>
     <span class='ocr_line' id='line_1_9' title="bbox 59 580 1327 622; baseline 0.002 -3"><span class='ocrx_word' id='word_1_58' title='bbox 59 581 324 619; x_wconf 85' lang='lat' dir='ltr'>sententiam:</span> <span class='ocrx_word' id='word_1_59' title='bbox 353 580 554 620; x_wconf 82' lang='lat' dir='ltr'>confessus</span> <span class='ocrx_word' id='word_1_60' title='bbox 583 589 654 620; x_wconf 85' lang='lat' dir='ltr'>est.</span> <span class='ocrx_word' id='word_1_61' title='bbox 719 581 820 620; x_wconf 86' lang='lat' dir='ltr'>Tum</span> <span class='ocrx_word' id='word_1_62' title='bbox 850 581 1005 620; x_wconf 88' lang='lat' dir='ltr'>ostendi</span> <span class='ocrx_word' id='word_1_63' title='bbox 1036 582 1200 622; x_wconf 85' lang='lat' dir='ltr'>tabellas</span> <span class='ocrx_word' id='word_1_64' title='bbox 1230 583 1327 622; x_wconf 90' lang='lat' dir='ltr'>Len·</span> 
     </span>
     <span class='ocr_line' id='line_1_10' title="bbox 59 642 1368 696; baseline 0.002 -15"><span class='ocrx_word' id='word_1_65' title='bbox 59 642 156 690; x_wconf 90' lang='lat' dir='ltr'>tulo,</span> <span class='ocrx_word' id='word_1_66' title='bbox 184 649 225 682; x_wconf 91' lang='lat' dir='ltr'>et</span> <span class='ocrx_word' id='word_1_67' title='bbox 251 643 439 694; x_wconf 75' lang='lat' dir='ltr'>quaesivi,</span> <span class='ocrx_word' id='word_1_68' title='bbox 471 651 774 695; x_wconf 85' lang='lat' dir='ltr'>cognosceretne</span> <span class='ocrx_word' id='word_1_69' title='bbox 803 644 970 696; x_wconf 88' lang='lat' dir='ltr'>signum.</span> <span class='ocrx_word' id='word_1_70' title='bbox 1030 644 1195 684; x_wconf 88' lang='lat' dir='ltr'>Annuit.</span> <span class='ocrx_word' id='word_1_71' title='bbox 1255 645 1368 684; x_wconf 85' lang='lat' dir='ltr'>Est15</span> 
     </span>
     <span class='ocr_line' id='line_1_11' title="bbox 58 705 1325 758; baseline 0.002 -15"><span class='ocrx_word' id='word_1_72' title='bbox 58 717 164 752; x_wconf 81' lang='lat' dir='ltr'>vero,</span> <span class='ocrx_word' id='word_1_73' title='bbox 196 705 369 757; x_wconf 76' lang='lat' dir='ltr'>inquam,</span> <span class='ocrx_word' id='word_1_74' title='bbox 400 706 558 757; x_wconf 89' lang='lat' dir='ltr'>signum</span> <span class='ocrx_word' id='word_1_75' title='bbox 588 712 738 753; x_wconf 89' lang='lat' dir='ltr'>notum,</span> <span class='ocrx_word' id='word_1_76' title='bbox 769 706 898 758; x_wconf 83' lang='lat' dir='ltr'>imago</span> <span class='ocrx_word' id='word_1_77' title='bbox 926 706 990 744; x_wconf 82' lang='lat' dir='ltr'>avi</span> <span class='ocrx_word' id='word_1_78' title='bbox 1021 707 1090 754; x_wconf 85' lang='lat' dir='ltr'>tui,</span> <span class='ocrx_word' id='word_1_79' title='bbox 1122 706 1325 746; x_wconf 86' lang='lat' dir='ltr'>clarissimi</span> 
     </span>
     <span class='ocr_line' id='line_1_12' title="bbox 58 766 1326 820; baseline 0.003 -15"><span class='ocrx_word' id='word_1_80' title='bbox 58 766 146 814; x_wconf 85' lang='lat' dir='ltr'>viri,</span> <span class='ocrx_word' id='word_1_81' title='bbox 187 767 255 818; x_wconf 89' lang='lat' dir='ltr'>qui</span> <span class='ocrx_word' id='word_1_82' title='bbox 293 768 444 806; x_wconf 88' lang='lat' dir='ltr'>amavit</span> <span class='ocrx_word' id='word_1_83' title='bbox 481 768 595 806; x_wconf 90' lang='lat' dir='ltr'>unice</span> <span class='ocrx_word' id='word_1_84' title='bbox 640 768 808 819; x_wconf 79' lang='lat' dir='ltr'>patriam</span> <span class='ocrx_word' id='word_1_85' title='bbox 847 776 888 807; x_wconf 88' lang='lat' dir='ltr'>et</span> <span class='ocrx_word' id='word_1_86' title='bbox 930 768 1034 807; x_wconf 83' lang='lat' dir='ltr'>cives</span> <span class='ocrx_word' id='word_1_87' title='bbox 1073 782 1183 815; x_wconf 87' lang='lat' dir='ltr'>suos;</span> <span class='ocrx_word' id='word_1_88' title='bbox 1225 783 1326 820; x_wconf 90' lang='lat' dir='ltr'>quae</span> 
     </span>
     <span class='ocr_line' id='line_1_13' title="bbox 58 828 1322 880; baseline 0.003 -13"><span class='ocrx_word' id='word_1_89' title='bbox 58 828 220 880; x_wconf 90' lang='lat' dir='ltr'>quidem</span> <span class='ocrx_word' id='word_1_90' title='bbox 250 836 290 868; x_wconf 90' lang='lat' dir='ltr'>te</span> <span class='ocrx_word' id='word_1_91' title='bbox 316 843 340 867; x_wconf 90' lang='lat' dir='ltr'>a</span> <span class='ocrx_word' id='word_1_92' title='bbox 366 835 479 868; x_wconf 88' lang='lat' dir='ltr'>tanto</span> <span class='ocrx_word' id='word_1_93' title='bbox 505 829 649 868; x_wconf 89' lang='lat' dir='ltr'>scelere</span> <span class='ocrx_word' id='word_1_94' title='bbox 676 830 795 868; x_wconf 84' lang='lat' dir='ltr'>etiam</span> <span class='ocrx_word' id='word_1_95' title='bbox 823 837 933 869; x_wconf 82' lang='lat' dir='ltr'>muta</span> <span class='ocrx_word' id='word_1_96' title='bbox 962 844 1143 869; x_wconf 79' lang='lat' dir='ltr'>revocare</span> <span class='ocrx_word' id='word_1_97' title='bbox 1172 831 1322 871; x_wconf 87' lang='lat' dir='ltr'>debuit.</span> 
     </span>
     <span class='ocr_line' id='line_1_14' title="bbox 58 891 1325 945; baseline 0.002 -15"><span class='ocrx_word' id='word_1_98' title='bbox 58 891 267 944; x_wconf 88' lang='lat' dir='ltr'>Leguntur</span> <span class='ocrx_word' id='word_1_99' title='bbox 293 891 430 930; x_wconf 88' lang='lat' dir='ltr'>eadem</span> <span class='ocrx_word' id='word_1_100' title='bbox 460 892 613 930; x_wconf 87' lang='lat' dir='ltr'>ratione</span> <span class='ocrx_word' id='word_1_101' title='bbox 638 892 688 930; x_wconf 84' lang='lat' dir='ltr'>ad</span> <span class='ocrx_word' id='word_1_102' title='bbox 717 901 898 931; x_wconf 78' lang='lat' dir='ltr'>senatum</span> <span class='ocrx_word' id='word_1_103' title='bbox 920 892 1180 945; x_wconf 80' lang='lat' dir='ltr'>Allobrogum</span> <span class='ocrx_word' id='word_1_104' title='bbox 1204 907 1325 945; x_wconf 91' lang='lat' dir='ltr'>popu-</span> 
     </span>
     <span class='ocr_line' id='line_1_15' title="bbox 58 953 1367 1005; baseline 0.002 -13"><span class='ocrx_word' id='word_1_105' title='bbox 58 953 221 1005; x_wconf 90' lang='lat' dir='ltr'>lumque</span> <span class='ocrx_word' id='word_1_106' title='bbox 247 953 414 993; x_wconf 83' lang='lat' dir='ltr'>litterae.</span> <span class='ocrx_word' id='word_1_107' title='bbox 465 954 507 993; x_wconf 82' lang='lat' dir='ltr'>Si</span> <span class='ocrx_word' id='word_1_108' title='bbox 533 954 630 1005; x_wconf 91' lang='lat' dir='ltr'>quid</span> <span class='ocrx_word' id='word_1_109' title='bbox 650 954 699 993; x_wconf 90' lang='lat' dir='ltr'>de</span> <span class='ocrx_word' id='word_1_110' title='bbox 721 955 780 993; x_wconf 85' lang='lat' dir='ltr'>his</span> <span class='ocrx_word' id='word_1_111' title='bbox 807 955 922 993; x_wconf 87' lang='lat' dir='ltr'>rebus</span> <span class='ocrx_word' id='word_1_112' title='bbox 945 955 1075 994; x_wconf 85' lang='lat' dir='ltr'>dicere</span> <span class='ocrx_word' id='word_1_113' title='bbox 1096 955 1225 1003; x_wconf 84' lang='lat' dir='ltr'>vellet,</span> <span class='ocrx_word' id='word_1_114' title='bbox 1249 955 1323 995; x_wconf 83' lang='lat' dir='ltr'>feci</span> <span class='ocrx_word' id='word_1_115' title='bbox 1334 969 1367 995; x_wconf 69' lang='grc' dir='ltr'>ρο</span> 
     </span>
     <span class='ocr_line' id='line_1_16' title="bbox 57 1015 1325 1069; baseline 0.002 -15"><span class='ocrx_word' id='word_1_116' title='bbox 57 1021 310 1067; x_wconf 90' lang='lat' dir='ltr'>potestatem.</span> <span class='ocrx_word' id='word_1_117' title='bbox 369 1017 504 1067; x_wconf 90' lang='lat' dir='ltr'>Atque</span> <span class='ocrx_word' id='word_1_118' title='bbox 542 1015 608 1055; x_wconf 89' lang='lat' dir='ltr'>ille</span> <span class='ocrx_word' id='word_1_119' title='bbox 647 1016 774 1068; x_wconf 89' lang='lat' dir='ltr'>primo</span> <span class='ocrx_word' id='word_1_120' title='bbox 811 1016 972 1067; x_wconf 87' lang='lat' dir='ltr'>quidem</span> <span class='ocrx_word' id='word_1_121' title='bbox 1011 1018 1194 1069; x_wconf 84' lang='lat' dir='ltr'>negavit:</span> <span class='ocrx_word' id='word_1_122' title='bbox 1235 1024 1325 1068; x_wconf 90' lang='lat' dir='ltr'>post</span> 
     </span>
     <span class='ocr_line' id='line_1_17' title="bbox 57 1077 1322 1130; baseline 0.002 -14"><span class='ocrx_word' id='word_1_123' title='bbox 57 1084 194 1117; x_wconf 88' lang='lat' dir='ltr'>autem</span> <span class='ocrx_word' id='word_1_124' title='bbox 219 1077 435 1130; x_wconf 86' lang='lat' dir='ltr'>aliquanto,</span> <span class='ocrx_word' id='word_1_125' title='bbox 459 1084 546 1117; x_wconf 90' lang='lat' dir='ltr'>toto</span> <span class='ocrx_word' id='word_1_126' title='bbox 573 1078 651 1117; x_wconf 89' lang='lat' dir='ltr'>iam</span> <span class='ocrx_word' id='word_1_127' title='bbox 678 1078 823 1117; x_wconf 91' lang='lat' dir='ltr'>indicio</span> <span class='ocrx_word' id='word_1_128' title='bbox 849 1079 1030 1130; x_wconf 87' lang='lat' dir='ltr'>exposito</span> <span class='ocrx_word' id='word_1_129' title='bbox 1055 1086 1175 1130; x_wconf 80' lang='lat' dir='ltr'>atque</span> <span class='ocrx_word' id='word_1_130' title='bbox 1203 1079 1322 1127; x_wconf 89' lang='lat' dir='ltr'>edito,</span> 
     </span>
     <span class='ocr_line' id='line_1_18' title="bbox 57 1140 1321 1192; baseline 0 -12"><span class='ocrx_word' id='word_1_131' title='bbox 57 1141 233 1180; x_wconf 80' lang='lat' dir='ltr'>surrexit</span> <span class='ocrx_word' id='word_1_132' title='bbox 243 1155 252 1188; x_wconf 88' lang='lat'>;</span> <span class='ocrx_word' id='word_1_133' title='bbox 289 1140 487 1192; x_wconf 88' lang='lat' dir='ltr'>quaesivit</span> <span class='ocrx_word' id='word_1_134' title='bbox 519 1154 542 1178; x_wconf 88' lang='lat' dir='ltr'>a</span> <span class='ocrx_word' id='word_1_135' title='bbox 575 1140 710 1188; x_wconf 86' lang='lat' dir='ltr'>Gallis,</span> <span class='ocrx_word' id='word_1_136' title='bbox 747 1140 842 1192; x_wconf 89' lang='lat' dir='ltr'>quid</span> <span class='ocrx_word' id='word_1_137' title='bbox 881 1141 955 1179; x_wconf 91' lang='lat' dir='ltr'>sibi</span> <span class='ocrx_word' id='word_1_138' title='bbox 994 1147 1097 1180; x_wconf 86' lang='lat' dir='ltr'>esset</span> <span class='ocrx_word' id='word_1_139' title='bbox 1134 1154 1222 1180; x_wconf 87' lang='lat' dir='ltr'>cum</span> <span class='ocrx_word' id='word_1_140' title='bbox 1255 1141 1321 1188; x_wconf 81' lang='lat' dir='ltr'>eis,</span> 
     </span>
     <span class='ocr_line' id='line_1_19' title="bbox 57 1202 1324 1254; baseline 0 -12"><span class='ocrx_word' id='word_1_141' title='bbox 57 1203 316 1254; x_wconf 85' lang='lat' dir='ltr'>quamobrem</span> <span class='ocrx_word' id='word_1_142' title='bbox 354 1202 517 1241; x_wconf 90' lang='lat' dir='ltr'>domum</span> <span class='ocrx_word' id='word_1_143' title='bbox 555 1216 666 1241; x_wconf 88' lang='lat' dir='ltr'>suam</span> <span class='ocrx_word' id='word_1_144' title='bbox 706 1203 906 1241; x_wconf 85' lang='lat' dir='ltr'>venissent</span> <span class='ocrx_word' id='word_1_145' title='bbox 916 1218 925 1250; x_wconf 86' lang='lat'>;</span> <span class='ocrx_word' id='word_1_146' title='bbox 963 1203 1137 1254; x_wconf 91' lang='lat' dir='ltr'>itemque</span> <span class='ocrx_word' id='word_1_147' title='bbox 1175 1217 1198 1242; x_wconf 89' lang='lat' dir='ltr'>a</span> <span class='ocrx_word' id='word_1_148' title='bbox 1231 1203 1324 1242; x_wconf 90' lang='lat' dir='ltr'>Vul-</span> 
     </span>
     <span class='ocr_line' id='line_1_20' title="bbox 57 1264 1366 1317; baseline 0.001 -13"><span class='ocrx_word' id='word_1_149' title='bbox 57 1266 196 1304; x_wconf 87' lang='lat' dir='ltr'>turcio.</span> <span class='ocrx_word' id='word_1_150' title='bbox 274 1265 350 1314; x_wconf 86' lang='lat' dir='ltr'>Qui</span> <span class='ocrx_word' id='word_1_151' title='bbox 388 1278 478 1304; x_wconf 89' lang='lat' dir='ltr'>cum</span> <span class='ocrx_word' id='word_1_152' title='bbox 516 1264 573 1304; x_wconf 92' lang='lat' dir='ltr'>illi</span> <span class='ocrx_word' id='word_1_153' title='bbox 615 1265 790 1304; x_wconf 85' lang='lat' dir='ltr'>breviter</span> <span class='ocrx_word' id='word_1_154' title='bbox 827 1272 1131 1317; x_wconf 86' lang='lat' dir='ltr'>constanterque</span> <span class='ocrx_word' id='word_1_155' title='bbox 1168 1279 1366 1317; x_wconf 80' lang='lat' dir='ltr'>respon-25</span> 
     </span>
     <span class='ocr_line' id='line_1_21' title="bbox 57 1327 1324 1379; baseline 0 -12"><span class='ocrx_word' id='word_1_156' title='bbox 57 1327 220 1375; x_wconf 89' lang='lat' dir='ltr'>dissent,</span> <span class='ocrx_word' id='word_1_157' title='bbox 250 1341 321 1379; x_wconf 88' lang='lat' dir='ltr'>per</span> <span class='ocrx_word' id='word_1_158' title='bbox 343 1340 462 1379; x_wconf 90' lang='lat' dir='ltr'>quem</span> <span class='ocrx_word' id='word_1_159' title='bbox 491 1327 542 1366; x_wconf 89' lang='lat' dir='ltr'>ad</span> <span class='ocrx_word' id='word_1_160' title='bbox 572 1340 673 1374; x_wconf 88' lang='lat' dir='ltr'>eum,</span> <span class='ocrx_word' id='word_1_161' title='bbox 702 1327 936 1378; x_wconf 85' lang='lat' dir='ltr'>quotiesque</span> <span class='ocrx_word' id='word_1_162' title='bbox 966 1328 1177 1375; x_wconf 83' lang='lat' dir='ltr'>venissent,</span> <span class='ocrx_word' id='word_1_163' title='bbox 1209 1341 1324 1379; x_wconf 89' lang='lat' dir='ltr'>quae—</span> 
     </span>
     <span class='ocr_line' id='line_1_22' title="bbox 57 1389 1324 1441; baseline -0.001 -12"><span class='ocrx_word' id='word_1_164' title='bbox 57 1390 280 1441; x_wconf 85' lang='lat' dir='ltr'>sissentque</span> <span class='ocrx_word' id='word_1_165' title='bbox 307 1390 357 1428; x_wconf 88' lang='lat' dir='ltr'>ab</span> <span class='ocrx_word' id='word_1_166' title='bbox 383 1403 440 1436; x_wconf 83' lang='lat' dir='ltr'>eo,</span> <span class='ocrx_word' id='word_1_167' title='bbox 463 1389 614 1428; x_wconf 90' lang='lat' dir='ltr'>nihilne</span> <span class='ocrx_word' id='word_1_168' title='bbox 640 1403 772 1428; x_wconf 90' lang='lat' dir='ltr'>secum</span> <span class='ocrx_word' id='word_1_169' title='bbox 799 1397 902 1428; x_wconf 88' lang='lat' dir='ltr'>esset</span> <span class='ocrx_word' id='word_1_170' title='bbox 927 1389 977 1428; x_wconf 88' lang='lat' dir='ltr'>de</span> <span class='ocrx_word' id='word_1_171' title='bbox 1003 1389 1097 1428; x_wconf 86' lang='lat' dir='ltr'>fatis</span> <span class='ocrx_word' id='word_1_172' title='bbox 1118 1389 1324 1441; x_wconf 88' lang='lat' dir='ltr'>Sibyllinis</span> 
     </span>
     <span class='ocr_line' id='line_1_23' title="bbox 57 1451 1324 1502; baseline -0.001 -11"><span class='ocrx_word' id='word_1_173' title='bbox 57 1451 225 1500; x_wconf 86' lang='lat' dir='ltr'>locutus,</span> <span class='ocrx_word' id='word_1_174' title='bbox 262 1459 349 1490; x_wconf 90' lang='lat' dir='ltr'>tum</span> <span class='ocrx_word' id='word_1_175' title='bbox 381 1451 446 1490; x_wconf 90' lang='lat' dir='ltr'>ille</span> <span class='ocrx_word' id='word_1_176' title='bbox 484 1451 626 1498; x_wconf 87' lang='lat' dir='ltr'>subito,</span> <span class='ocrx_word' id='word_1_177' title='bbox 663 1451 807 1490; x_wconf 88' lang='lat' dir='ltr'>scelere</span> <span class='ocrx_word' id='word_1_178' title='bbox 844 1451 1016 1498; x_wconf 89' lang='lat' dir='ltr'>demens,</span> <span class='ocrx_word' id='word_1_179' title='bbox 1050 1457 1201 1502; x_wconf 90' lang='lat' dir='ltr'>quanta</span> <span class='ocrx_word' id='word_1_180' title='bbox 1238 1464 1324 1490; x_wconf 89' lang='lat' dir='ltr'>con-</span> 
     </span>
     <span class='ocr_line' id='line_1_24' title="bbox 57 1513 1322 1565; baseline -0.002 -12"><span class='ocrx_word' id='word_1_181' title='bbox 57 1514 246 1554; x_wconf 82' lang='lat' dir='ltr'>scientiae</span> <span class='ocrx_word' id='word_1_182' title='bbox 262 1514 321 1552; x_wconf 85' lang='lat' dir='ltr'>vis</span> <span class='ocrx_word' id='word_1_183' title='bbox 341 1520 453 1561; x_wconf 90' lang='lat' dir='ltr'>esset,</span> <span class='ocrx_word' id='word_1_184' title='bbox 469 1513 655 1553; x_wconf 86' lang='lat' dir='ltr'>ostendit.</span> <span class='ocrx_word' id='word_1_185' title='bbox 701 1513 816 1560; x_wconf 80' lang='lat' dir='ltr'>Nam,</span> <span class='ocrx_word' id='word_1_186' title='bbox 832 1527 920 1551; x_wconf 90' lang='lat' dir='ltr'>cum</span> <span class='ocrx_word' id='word_1_187' title='bbox 940 1513 980 1552; x_wconf 87' lang='lat' dir='ltr'>id</span> <span class='ocrx_word' id='word_1_188' title='bbox 999 1519 1130 1565; x_wconf 88' lang='lat' dir='ltr'>posset</span> <span class='ocrx_word' id='word_1_189' title='bbox 1149 1513 1322 1562; x_wconf 81' lang='lat' dir='ltr'>infitiari,</span> 
     </span>
     <span class='ocr_line' id='line_1_25' title="bbox 57 1575 1366 1628; baseline -0.002 -12"><span class='ocrx_word' id='word_1_190' title='bbox 57 1582 222 1628; x_wconf 89' lang='lat' dir='ltr'>repente</span> <span class='ocrx_word' id='word_1_191' title='bbox 255 1583 414 1628; x_wconf 87' lang='lat' dir='ltr'>praeter</span> <span class='ocrx_word' id='word_1_192' title='bbox 447 1576 673 1628; x_wconf 88' lang='lat' dir='ltr'>opinionem</span> <span class='ocrx_word' id='word_1_193' title='bbox 707 1576 884 1614; x_wconf 91' lang='lat' dir='ltr'>omnium</span> <span class='ocrx_word' id='word_1_194' title='bbox 918 1575 1118 1614; x_wconf 89' lang='lat' dir='ltr'>confessus</span> <span class='ocrx_word' id='word_1_195' title='bbox 1149 1581 1226 1614; x_wconf 90' lang='lat' dir='ltr'>est:</span> <span class='ocrx_word' id='word_1_196' title='bbox 1266 1575 1366 1614; x_wconf 77' lang='lat' dir='ltr'>itaao</span> 
     </span>
     <span class='ocr_line' id='line_1_26' title="bbox 58 1637 1324 1690; baseline -0.002 -12"><span class='ocrx_word' id='word_1_197' title='bbox 58 1651 151 1678; x_wconf 90' lang='lat' dir='ltr'>eum</span> <span class='ocrx_word' id='word_1_198' title='bbox 170 1652 251 1678; x_wconf 92' lang='lat' dir='ltr'>non</span> <span class='ocrx_word' id='word_1_199' title='bbox 270 1638 390 1677; x_wconf 87' lang='lat' dir='ltr'>modo</span> <span class='ocrx_word' id='word_1_200' title='bbox 408 1639 613 1690; x_wconf 89' lang='lat' dir='ltr'>ingenium</span> <span class='ocrx_word' id='word_1_201' title='bbox 634 1637 733 1677; x_wconf 93' lang='lat' dir='ltr'>illud</span> <span class='ocrx_word' id='word_1_202' title='bbox 753 1645 794 1676; x_wconf 89' lang='lat' dir='ltr'>et</span> <span class='ocrx_word' id='word_1_203' title='bbox 808 1637 964 1676; x_wconf 92' lang='lat' dir='ltr'>dicendi</span> <span class='ocrx_word' id='word_1_204' title='bbox 985 1637 1228 1685; x_wconf 86' lang='lat' dir='ltr'>exercitatio,</span> <span class='ocrx_word' id='word_1_205' title='bbox 1245 1650 1324 1688; x_wconf 70' lang='lat' dir='ltr'>qua</span> 
     </span>
     <span class='ocr_line' id='line_1_27' title="bbox 57 1698 1323 1753; baseline -0.003 -12"><span class='ocrx_word' id='word_1_206' title='bbox 57 1715 214 1753; x_wconf 85' lang='lat' dir='ltr'>semper</span> <span class='ocrx_word' id='word_1_207' title='bbox 236 1701 375 1749; x_wconf 86' lang='lat' dir='ltr'>valuit,</span> <span class='ocrx_word' id='word_1_208' title='bbox 401 1700 470 1740; x_wconf 88' lang='lat' dir='ltr'>sed</span> <span class='ocrx_word' id='word_1_209' title='bbox 498 1701 628 1748; x_wconf 85' lang='lat' dir='ltr'>etiam,</span> <span class='ocrx_word' id='word_1_210' title='bbox 658 1705 821 1751; x_wconf 89' lang='lat' dir='ltr'>propter</span> <span class='ocrx_word' id='word_1_211' title='bbox 840 1700 921 1738; x_wconf 87' lang='lat' dir='ltr'>vim</span> <span class='ocrx_word' id='word_1_212' title='bbox 945 1699 1100 1738; x_wconf 87' lang='lat' dir='ltr'>sceleris</span> <span class='ocrx_word' id='word_1_213' title='bbox 1123 1698 1323 1738; x_wconf 77' lang='lat' dir='ltr'>manifesti</span> 
     </span>
     <span class='ocr_line' id='line_1_28' title="bbox 57 1761 1323 1816; baseline -0.003 -13"><span class='ocrx_word' id='word_1_214' title='bbox 57 1770 179 1816; x_wconf 82' lang='lat' dir='ltr'>atque</span> <span class='ocrx_word' id='word_1_215' title='bbox 198 1763 446 1816; x_wconf 89' lang='lat' dir='ltr'>deprehensi,</span> <span class='ocrx_word' id='word_1_216' title='bbox 468 1761 728 1814; x_wconf 86' lang='lat' dir='ltr'>impudentia,</span> <span class='ocrx_word' id='word_1_217' title='bbox 751 1775 830 1813; x_wconf 87' lang='lat' dir='ltr'>qua</span> <span class='ocrx_word' id='word_1_218' title='bbox 855 1761 1068 1813; x_wconf 88' lang='lat' dir='ltr'>superabat</span> <span class='ocrx_word' id='word_1_219' title='bbox 1087 1774 1233 1808; x_wconf 89' lang='lat' dir='ltr'>omnes,</span> <span class='ocrx_word' id='word_1_220' title='bbox 1256 1761 1323 1799; x_wconf 91' lang='lat' dir='ltr'>im-</span> 
     </span>
     <span class='ocr_line' id='line_1_29' title="bbox 57 1822 1324 1878; baseline -0.004 -12"><span class='ocrx_word' id='word_1_221' title='bbox 57 1826 315 1878; x_wconf 84' lang='lat' dir='ltr'>probitasque</span> <span class='ocrx_word' id='word_1_222' title='bbox 352 1825 508 1865; x_wconf 81' lang='lat' dir='ltr'>defecit.</span> <span class='ocrx_word' id='word_1_223' title='bbox 581 1824 813 1863; x_wconf 85' lang='lat' dir='ltr'>Vulturcius</span> <span class='ocrx_word' id='word_1_224' title='bbox 851 1837 944 1862; x_wconf 90' lang='lat' dir='ltr'>vero</span> <span class='ocrx_word' id='word_1_225' title='bbox 987 1823 1119 1862; x_wconf 90' lang='lat' dir='ltr'>subito</span> <span class='ocrx_word' id='word_1_226' title='bbox 1156 1822 1324 1874; x_wconf 83' lang='lat' dir='ltr'>proferri</span> 
     </span>
     <span class='ocr_line' id='line_1_30' title="bbox 57 1884 1364 1940; baseline -0.004 -12"><span class='ocrx_word' id='word_1_227' title='bbox 57 1887 213 1928; x_wconf 84' lang='lat' dir='ltr'>litteras</span> <span class='ocrx_word' id='word_1_228' title='bbox 228 1894 350 1940; x_wconf 86' lang='lat' dir='ltr'>atque</span> <span class='ocrx_word' id='word_1_229' title='bbox 369 1887 513 1940; x_wconf 88' lang='lat' dir='ltr'>aperiri</span> <span class='ocrx_word' id='word_1_230' title='bbox 534 1887 659 1934; x_wconf 89' lang='lat' dir='ltr'>iussit,</span> <span class='ocrx_word' id='word_1_231' title='bbox 675 1899 773 1938; x_wconf 85' lang='lat' dir='ltr'>quas</span> <span class='ocrx_word' id='word_1_232' title='bbox 792 1886 866 1924; x_wconf 86' lang='lat' dir='ltr'>sibi</span> <span class='ocrx_word' id='word_1_233' title='bbox 886 1900 909 1923; x_wconf 87' lang='lat' dir='ltr'>a</span> <span class='ocrx_word' id='word_1_234' title='bbox 929 1885 1100 1924; x_wconf 87' lang='lat' dir='ltr'>Lentulo</span> <span class='ocrx_word' id='word_1_235' title='bbox 1118 1884 1169 1923; x_wconf 88' lang='lat' dir='ltr'>ad</span> <span class='ocrx_word' id='word_1_236' title='bbox 1189 1884 1364 1924; x_wconf 75' lang='lat' dir='ltr'>Catili-³⁵</span> 
     </span>
     <span class='ocr_line' id='line_1_31' title="bbox 58 1947 1324 2000; baseline -0.004 -10"><span class='ocrx_word' id='word_1_237' title='bbox 58 1964 152 1990; x_wconf 84' lang='lat' dir='ltr'>nam</span> <span class='ocrx_word' id='word_1_238' title='bbox 170 1950 285 1990; x_wconf 87' lang='lat' dir='ltr'>datas</span> <span class='ocrx_word' id='word_1_239' title='bbox 305 1963 389 1990; x_wconf 87' lang='lat' dir='ltr'>esse</span> <span class='ocrx_word' id='word_1_240' title='bbox 415 1949 582 1989; x_wconf 87' lang='lat' dir='ltr'>dicebat.</span> <span class='ocrx_word' id='word_1_241' title='bbox 641 1948 775 2000; x_wconf 88' lang='lat' dir='ltr'>Atque</span> <span class='ocrx_word' id='word_1_242' title='bbox 802 1948 856 1986; x_wconf 90' lang='lat' dir='ltr'>ibi</span> <span class='ocrx_word' id='word_1_243' title='bbox 877 1947 1221 1986; x_wconf 87' lang='lat' dir='ltr'>vehementissime</span> <span class='ocrx_word' id='word_1_244' title='bbox 1240 1959 1324 1998; x_wconf 88' lang='lat' dir='ltr'>per-</span> 
     </span>
     <span class='ocr_line' id='line_1_32' title="bbox 57 2011 1324 2062; baseline -0.005 -9"><span class='ocrx_word' id='word_1_245' title='bbox 57 2013 245 2053; x_wconf 85' lang='lat' dir='ltr'>turbatus</span> <span class='ocrx_word' id='word_1_246' title='bbox 278 2012 473 2052; x_wconf 86' lang='lat' dir='ltr'>Lentulus</span> <span class='ocrx_word' id='word_1_247' title='bbox 506 2017 640 2050; x_wconf 89' lang='lat' dir='ltr'>tamen</span> <span class='ocrx_word' id='word_1_248' title='bbox 680 2016 720 2050; x_wconf 91' lang='lat' dir='ltr'>et</span> <span class='ocrx_word' id='word_1_249' title='bbox 753 2011 910 2062; x_wconf 87' lang='lat' dir='ltr'>signum</span> <span class='ocrx_word' id='word_1_250' title='bbox 942 2022 1058 2048; x_wconf 88' lang='lat' dir='ltr'>suum</span> <span class='ocrx_word' id='word_1_251' title='bbox 1089 2015 1130 2048; x_wconf 91' lang='lat' dir='ltr'>et</span> <span class='ocrx_word' id='word_1_252' title='bbox 1162 2021 1324 2047; x_wconf 86' lang='lat' dir='ltr'>manum</span> 
     </span>
     <span class='ocr_line' id='line_1_33' title="bbox 58 2069 1324 2128; baseline -0.004 -13"><span class='ocrx_word' id='word_1_253' title='bbox 58 2075 257 2128; x_wconf 85' lang='lat' dir='ltr'>cognovit.</span> <span class='ocrx_word' id='word_1_254' title='bbox 315 2075 441 2114; x_wconf 86' lang='lat' dir='ltr'>Erant</span> <span class='ocrx_word' id='word_1_255' title='bbox 469 2080 603 2113; x_wconf 89' lang='lat' dir='ltr'>autem</span> <span class='ocrx_word' id='word_1_256' title='bbox 633 2073 802 2124; x_wconf 88' lang='lat' dir='ltr'>scriptae</span> <span class='ocrx_word' id='word_1_257' title='bbox 835 2072 919 2111; x_wconf 87' lang='lat' dir='ltr'>sine</span> <span class='ocrx_word' id='word_1_258' title='bbox 949 2071 1118 2118; x_wconf 91' lang='lat' dir='ltr'>nomine,</span> <span class='ocrx_word' id='word_1_259' title='bbox 1149 2069 1219 2110; x_wconf 85' lang='lat' dir='ltr'>sed</span> <span class='ocrx_word' id='word_1_260' title='bbox 1249 2071 1324 2110; x_wconf 84' lang='lat' dir='ltr'>ita:</span> 
     </span>
     <span class='ocr_line' id='line_1_34' title="bbox 60 2133 1322 2189; baseline -0.006 -11"><span class='ocrx_word' id='word_1_261' title='bbox 60 2137 132 2186; x_wconf 73' lang='lat' dir='ltr'>Qui</span> <span class='ocrx_word' id='word_1_262' title='bbox 149 2139 231 2186; x_wconf 74' lang='lat' dir='ltr'>sim,</span> <span class='ocrx_word' id='word_1_263' title='bbox 252 2150 295 2177; x_wconf 78' lang='lat' dir='ltr'>ex</span> <span class='ocrx_word' id='word_1_264' title='bbox 312 2151 360 2183; x_wconf 77' lang='lat' dir='ltr'>eo.</span> <span class='ocrx_word' id='word_1_265' title='bbox 382 2150 486 2189; x_wconf 74' lang='lat' dir='ltr'>quem</span> <span class='ocrx_word' id='word_1_266' title='bbox 505 2136 555 2175; x_wconf 79' lang='lat' dir='ltr'>ad</span> <span class='ocrx_word' id='word_1_267' title='bbox 577 2139 609 2174; x_wconf 84' lang='lat' dir='ltr'>te</span> <span class='ocrx_word' id='word_1_268' title='bbox 629 2135 721 2183; x_wconf 81' lang='lat' dir='ltr'>misi,</span> <span class='ocrx_word' id='word_1_269' title='bbox 744 2147 931 2185; x_wconf 74' lang='lat' dir='ltr'>coqrwsces.</span> <span class='ocrx_word' id='word_1_270' title='bbox 992 2135 1101 2182; x_wconf 81' lang='lat' dir='ltr'>Cura,</span> <span class='ocrx_word' id='word_1_271' title='bbox 1123 2136 1164 2171; x_wconf 75' lang='lat' dir='ltr'>ut</span> <span class='ocrx_word' id='word_1_272' title='bbox 1188 2133 1245 2171; x_wconf 82' lang='lat' dir='ltr'>vir</span> <span class='ocrx_word' id='word_1_273' title='bbox 1262 2133 1322 2180; x_wconf 80' lang='lat' dir='ltr'>sis,</span> 
     </span>
     <span class='ocr_line' id='line_1_35' title="bbox 58 2194 1366 2251; baseline -0.005 -11"><span class='ocrx_word' id='word_1_274' title='bbox 58 2203 91 2240; x_wconf 67' lang='lat' dir='ltr'>ot</span> <span class='ocrx_word' id='word_1_275' title='bbox 107 2212 214 2251; x_wconf 77' lang='lat' dir='ltr'>quom</span> <span class='ocrx_word' id='word_1_276' title='bbox 238 2201 280 2239; x_wconf 79' lang='lat' dir='ltr'>in</span> <span class='ocrx_word' id='word_1_277' title='bbox 302 2199 418 2239; x_wconf 80' lang='lat' dir='ltr'>locum</span> <span class='ocrx_word' id='word_1_278' title='bbox 441 2199 492 2238; x_wconf 81' lang='lat' dir='ltr'>sis</span> <span class='ocrx_word' id='word_1_279' title='bbox 503 2211 713 2250; x_wconf 76' lang='lat' dir='ltr'>proyressus</span> <span class='ocrx_word' id='word_1_280' title='bbox 737 2198 860 2247; x_wconf 69' lang='lat' dir='ltr'>coyita,</span> <span class='ocrx_word' id='word_1_281' title='bbox 883 2199 915 2235; x_wconf 79' lang='lat' dir='ltr'>et</span> <span class='ocrx_word' id='word_1_282' title='bbox 940 2195 1030 2244; x_wconf 84' lang='lat' dir='ltr'>vide,</span> <span class='ocrx_word' id='word_1_283' title='bbox 1049 2194 1138 2247; x_wconf 80' lang='lat' dir='ltr'>quid</span> <span class='ocrx_word' id='word_1_284' title='bbox 1159 2196 1236 2234; x_wconf 80' lang='lat' dir='ltr'>iam</span> <span class='ocrx_word' id='word_1_285' title='bbox 1260 2195 1366 2234; x_wconf 71' lang='lat' dir='ltr'>tibiw</span> 
     </span>
    </p>
   </div>
  </div>
 </body>
</html>
