1492 2407
474 75 629 100 evomas
656 76 755 101 raon
782 77 926 102 cicsao.
1289 71 1330 105 41

62 159 167 200 sicut
181 162 359 213 exposui,
382 163 439 201 ita
458 170 570 214 gesta
591 170 695 210 sunt,
715 163 881 203 iudices:
904 164 1112 205 insidiator
1127 175 1336 219 superatus

62 229 142 263 est:
171 223 211 262 vi
232 223 337 263 victa
358 225 427 271 vis,
452 225 512 264 vel
540 226 671 277 potius
697 240 882 278 oppressa
907 228 1056 267 virtute
1079 228 1243 268 audacia
1263 238 1333 268 cst.

79 351 470 389 L111.-MURDER
504 355 568 389 OF
603 356 654 390 M.
691 356 957 391 vLAUDIUS
992 356 1317 394 MARCELLL'S.

463 452 605 487 Servius
626 453 766 487 Cicer-on
774 454 787 487 ι’
803 454 838 488 S.
847 454 886 489 l’.
893 455 934 489 D.

118 541 205 581 Etsi
235 543 314 582 scio
343 557 422 582 nou
452 544 779 583 iucundissimum
811 559 872 583 mc
898 546 1082 585 nuntium
1108 547 1218 585 vobis
1244 546 1334 585 alla-

63 609 211 652 turum,
235 611 381 652 tamen,
403 606 590 657 quoniam
619 620 729 644 casus
757 615 794 645 ct
825 616 966 646 natura
992 609 1030 646 in
1053 608 1165 646 nobis
1184 608 1334 647 domin-

62 672 165 714 atur,
188 666 318 705 visum
338 674 398 706 est
417 681 578 719 quoquo
598 668 715 706 modo
736 682 796 707 res
816 683 856 707 se
878 669 1040 708 haberet
1062 684 1129 708 vos
1149 671 1334 709 certiores

62 727 202 768 facere.
262 729 310 768 A.
332 728 370 768 d.
399 744 425 768 x
456 729 544 768 Kal.
575 730 673 777 Iun.,
701 744 788 769 cum
818 731 867 769 ab
898 731 1097 783 Epidauro
1128 732 1332 771 Piraeeum

63 791 156 829 navi
190 790 381 830 advectus
412 805 546 838 essem,
580 792 633 830 ibi
671 793 902 831 Marcellum
937 793 1126 845 collegam
1158 801 1358 833 nostrams

62 853 241 901 conveni,
268 866 438 905 eumque
467 854 573 892 diem
605 855 656 892 ibi
688 856 911 906 consumpsi
942 863 987 893 ut
1011 869 1099 894 curn
1126 869 1172 894 eo
1196 869 1330 894 essem.

63 915 230 954 Postero
259 915 325 954 die
356 929 445 954 cum
476 917 526 954 ab
551 930 597 955 eo
625 916 826 969 digressus
855 931 989 965 essem,
1022 931 1068 956 eo
1097 917 1259 956 consilio
1288 926 1333 956 ut

61 977 113 1017 ab
156 977 328 1016 Athenis
374 978 414 1016 in
451 978 656 1017 Boeotiam
695 979 803 1025 irem,
844 979 921 1027 ille,
957 986 1003 1018 ut
1037 979 1178 1027 aiebat,
1215 993 1334 1031 supra

65 1039 237 1079 Maleam
273 1039 430 1078 Italiam
466 1053 602 1079 versus
635 1041 895 1093 navigaturus
929 1048 1024 1080 erat.
1102 1041 1197 1080 Post
1227 1041 1333 1080 diem

62 1101 228 1140 tertium
263 1102 346 1140 eius
376 1101 466 1149 diei,
503 1115 591 1140 cum
625 1102 674 1140 ab
705 1102 875 1141 Athenis
909 1103 1098 1154 proficisci
1130 1103 1170 1141 in
1201 1103 1374 1141 animom

62 1163 260 1210 haberem,
293 1163 335 1202 P.
359 1163 598 1211 Postumius,
631 1163 834 1202 familiaris
864 1165 957 1212 eius,
983 1164 1034 1202 ad
1063 1178 1125 1203 me
1155 1164 1265 1203 venit
1293 1170 1334 1203 et

61 1225 160 1264 mihi
190 1226 393 1264 nuntiavit
424 1225 478 1264 M.
505 1225 737 1264 Marcellum
767 1235 855 1277 post
884 1240 1002 1265 cenae
1037 1233 1194 1278 tempus
1230 1239 1253 1264 a
1287 1226 1330 1265 P.

64 1287 200 1340 Magio
226 1287 375 1335 Cilone,
398 1287 583 1326 familiari
612 1288 705 1334 eius,
729 1289 899 1340 pugione
926 1301 1153 1340 percussum
1177 1294 1270 1336 esse,
1293 1295 1334 1327 et

61 1349 143 1389 duo
177 1349 342 1388 vulnera
372 1350 578 1401 accepisse,
612 1363 737 1388 unum
771 1350 811 1388 in
842 1350 1055 1397 stomacho,
1088 1349 1258 1389 alterum
1292 1350 1331 1388 in

62 1413 192 1464 capite
212 1411 430 1451 secundum
443 1425 599 1460 aurem3
628 1425 784 1463 sperare
800 1419 933 1451 tamen
950 1425 1041 1451 eum
1058 1413 1190 1451 vivere
1207 1426 1331 1464 posse:
1346 1426 1374 1450 15

63 1474 245 1527 Magium
274 1487 315 1513 se
342 1474 471 1525 ipsum
498 1473 759 1512 interfecisse:
789 1480 925 1525 postea
951 1487 992 1512 se
1021 1487 1044 1512 a
1072 1474 1259 1513 Marcello
1282 1474 1332 1512 ad

61 1549 126 1576 me
141 1536 306 1575 missum
323 1549 405 1575 csse
421 1536 488 1587 qui
506 1535 601 1574 haec
618 1536 830 1582 nuntiaret,
849 1542 889 1574 et
905 1542 1063 1588 rogaret
1079 1536 1138 1574 uti
1162 1535 1333 1575 medicos

63 1597 291 1652 [cogerem]
350 1597 482 1650 Coegi,
506 1604 547 1637 et
567 1611 587 1636 e
615 1598 783 1650 vestigio
804 1611 849 1636 co
870 1611 957 1636 sum
982 1597 1182 1649 profectus
1207 1598 1333 1649 prima¹

62 1659 160 1699 luce.
202 1659 304 1700 Cum
318 1674 396 1699 non
410 1660 526 1712 longe
539 1674 562 1698 a
575 1660 738 1698 Piraeeo
750 1660 936 1707 abessem,
952 1673 1050 1711 puer
1062 1660 1219 1698 obviam
1235 1658 1331 1697 mihi

61 1722 175 1762 venit
204 1735 294 1761 cum
321 1721 520 1770 codicillis,
542 1722 583 1760 in
611 1721 755 1773 quibus
782 1727 866 1761 erat
886 1722 1077 1773 scriptum
1100 1720 1332 1760 Marcellum
1343 1732 1375 1757 ’.ὀ

61 1783 170 1825 diem
189 1798 307 1824 suum
326 1784 463 1823 obisse.

265 1917 507 1953 LIV.—HIS
542 1916 791 1952 FUNERAL
825 1916 893 1951 AT
925 1915 1144 1950 ATHENS.

116 2014 203 2069 Ego
235 2021 371 2055 tamen
401 2015 451 2054 ad
490 2013 798 2054 tabernaculum,
828 2013 911 2052 eius
949 2012 1116 2064 perrexi.
1193 2011 1333 2050 Inveni

62 2077 164 2118 duos
183 2077 348 2118 libertos
369 2083 410 2117 et
432 2076 619 2129 pauculos
643 2089 794 2115 servos:
825 2075 996 2126 reliquos
1015 2074 1175 2114 aiebant
1204 2073 1334 2125 profu-

62 2141 167 2194 gissa
192 2146 304 2180 metu
330 2140 573 2192 perterritos,
596 2137 703 2189 quod
729 2137 913 2176 dominus
940 2150 1075 2176 eorum
1095 2143 1188 2174 ante
1208 2135 1334 2174 taber-

63 2202 251 2243 naculum
279 2202 514 2242 interfectus
543 2206 656 2240 esset.
715 2199 885 2239 Coactus
915 2213 1001 2238 sum
1030 2199 1070 2238 in
1101 2198 1237 2238 eadem
1267 2197 1334 2236 illa
