1492 2407
163 58 210 90 46
578 66 731 90 s'romsss
757 66 859 90 FROM
885 66 1028 91 CICERO.

163 158 352 200 amentes,
375 158 422 191 ut
448 165 619 204 operam,
643 166 788 200 curam,
812 153 1022 204 pecuniam
1047 153 1286 206 impendant
1310 154 1350 193 in
1378 167 1442 194 eas

163 228 236 263 res,
259 229 357 267 quas
377 215 490 254 vobis
509 220 643 267 gratas
664 215 749 253 fore
770 228 848 253 non
869 215 1126 255 arbitrentur.

300 354 516 384 LVI.—THE
545 354 652 385 CASE
680 354 733 385 OF
762 354 955 385 SOPATER
984 356 1038 386 OF
1066 356 1300 388 TYNDARIS.

220 452 251 489 1.
274 449 458 488 Audistis
475 464 602 501 nuper
617 449 747 489 dicere
764 450 916 502 legatos
932 451 1240 502 Tyndaritanos,
1261 452 1441 492 homines

162 512 461 551 honestissimos
480 526 525 551 ac
541 513 738 564 principes
755 513 939 561 civitatis,
961 513 1217 562 Mercurium,
1237 515 1306 566 qui
1322 515 1441 554 sacris

160 574 441 613 anniversariis
456 574 564 626 apud
580 588 645 613 eos
658 589 702 613 ac
718 589 873 613 summa
889 575 1080 627 religione
1097 576 1303 625 coleretur,
1322 590 1441 628 quem

161 636 204 674 P.
228 636 443 675 Africanus
473 637 724 689 Karthagine
749 643 864 688 capta
894 637 1182 689 Tyndaritanis
1208 652 1288 677 non
1313 639 1441 678 solum

135 712 255 737 5suae
294 699 494 746 victoriae,
532 699 601 738 sed
645 700 765 738 etiam
804 700 965 738 illorum
1008 700 1099 739 fidei
1134 707 1441 740 monumentum

159 769 282 814 atque
321 764 514 802 indicium
553 764 740 812 dedisset,
778 765 896 803 huius
936 766 974 803 vi
1015 765 1160 805 scelere
1194 766 1441 818 imperioque

160 839 244 864 esse
268 826 490 865 sublatum:
521 827 600 877 qui,
624 832 671 865 ut
694 827 869 878 primum
894 828 935 865 in
965 827 1066 866 illud
1091 828 1284 880 oppidum
1316 830 1437 877 venit,

159 889 308 936 statim,
350 894 557 940 tamquam
605 890 662 928 ita
701 890 785 928 fieri
825 904 904 928 non
944 889 1073 928 solum
1114 896 1329 942 oporteret,
1371 891 1441 930 sed

160 954 282 992 etiam
316 968 474 993 necesse
509 960 622 1002 esset,
655 960 862 1006 tamquam
900 955 974 994 hoc
1004 962 1165 994 senatus
1199 955 1437 1004 mandasset,

119 1016 411 1068 10populusque
441 1017 646 1056 Romanus
675 1018 865 1065 iussisset,
893 1018 951 1056 ita
981 1018 1182 1065 continuo,
1205 1018 1365 1070 signum
1393 1024 1441 1057 ut·

158 1078 449 1117 demolirentur
463 1085 503 1118 et
518 1079 744 1118 Messanam
759 1079 1030 1131 deportarent,
1046 1080 1271 1132 imperavit.
1324 1080 1440 1129 Quod

158 1154 249 1179 cum
283 1141 361 1179 illis
388 1142 457 1192 qui
491 1141 668 1189 aderant,
701 1142 923 1194 indignum,
957 1143 1025 1193 qui
1059 1142 1289 1190 audiebant,
1318 1142 1440 1181 incre-

157 1202 280 1242 dibile
296 1203 512 1252 videretur,
532 1219 612 1243 non
628 1210 688 1243 est
703 1205 753 1243 ab
769 1205 857 1252 isto,
876 1205 1006 1256 primo
1021 1205 1090 1243 illo
1105 1204 1294 1253 adventu,
1313 1218 1440 1256 perse—

157 1272 351 1305 veratum.
429 1267 648 1306 Discedens
679 1267 845 1305 mandat
878 1281 1074 1319 proagoro
1109 1267 1290 1318 Sopatro,
1328 1268 1440 1306 cuius

117 1342 148 1367 15
158 1329 279 1367 verba
291 1328 471 1377 audistis,
490 1335 537 1367 ut
550 1329 800 1368 demoliatur.
835 1329 937 1368 Cum
952 1335 1165 1378 recusaret,
1182 1329 1440 1369 vehementer

157 1391 344 1430 minatur.
404 1392 457 1430 Et
483 1392 620 1430 statim
648 1405 698 1431 ex
722 1391 791 1430 illo
815 1391 963 1443 oppido
989 1392 1262 1443 proficiscitur.
1321 1392 1438 1431 Proa«

154 1467 276 1505 gorus
305 1453 430 1493 refert
459 1468 543 1493 rem
569 1454 620 1492 ad
650 1460 851 1493 senatum:
886 1454 1147 1493 vehementer
1175 1453 1354 1505 undique
1382 1468 1439 1493 re-

155 1515 360 1555 clamatur.
420 1517 483 1555 Ne
503 1517 648 1555 multa:
679 1517 826 1555 iterum
847 1517 922 1555 iste
942 1516 1149 1567 aliquanto
1169 1521 1260 1568 post
1279 1516 1331 1555 ad
1350 1516 1438 1555 illos

155 1579 287 1627 venit,-
316 1579 474 1630 quaerit
496 1580 686 1618 continuo
707 1579 756 1618 de
781 1580 905 1631 signo.
966 1578 1250 1630 Respondetur
1269 1579 1305 1617 ei
1331 1592 1439 1617 sena-

112 1653 146 1677 20
155 1646 244 1679 tum
281 1655 361 1680 non
400 1642 652 1693 permittere:
702 1656 872 1693 poenam
911 1642 1052 1693 capitis
1091 1641 1363 1689 constitutam,
1405 1641 1438 1680 si

154 1703 308 1742 iniussu
337 1710 499 1742 senatus
529 1705 739 1755 quisquam
770 1705 990 1756 attigisset:
1021 1703 1139 1742 simul
1167 1703 1308 1755 religio
1337 1717 1438 1742 com-

154 1772 409 1805 memoratur.
470 1766 573 1805 Tum
593 1767 687 1806 iste:
717 1767 881 1815 “Quam
902 1767 1001 1804 mihi
1022 1766 1256 1818 religionem
1277 1767 1438 1804 narras‘e

154 1841 275 1878 quam
294 1830 489 1879 poenam?
508 1842 628 1880 quem
648 1831 857 1868 senatum?
876 1830 1016 1867 vivum
1031 1834 1072 1867 te
1092 1841 1173 1867 non
1193 1827 1436 1878 relinquam:

153 1890 322 1929 moriere
353 1891 487 1943 virgis,
522 1892 598 1930 nisi
625 1892 785 1944 signum
815 1890 1029 1930 traditur''.
1089 1890 1260 1941 Sopater
1288 1889 1435 1928 iterum

111 1965 144 1991 25
155 1953 252 1990 flens
282 1952 334 1991 ad
368 1959 553 1992 senatum
586 1954 737 2001 defert;
778 1954 895 1992 istius
927 1952 1191 2004 cupiditatem
1228 1952 1436 2003 minasque

153 2013 413 2054 demonstrat.
485 2015 656 2054 Senatus
691 2015 862 2067 Sopatro
892 2027 1127 2066 responsum
1160 2012 1317 2051 nullum
1350 2012 1432 2061 dat,

153 2075 222 2114 sed
257 2083 479 2116 commotus
513 2078 850 2129 perturbatusque
882 2076 1062 2116 discedit.
1123 2075 1206 2123 Ille,
1239 2075 1434 2126 praetoris

151 2139 365 2178 accersitus
386 2140 540 2187 nuntio,
564 2153 648 2178 rem
668 2139 918 2178 demonstrat
929 2154 938 2187 3
965 2143 1087 2190 negat
1105 2137 1189 2176 ullo
1209 2137 1329 2176 modo
1348 2137 1433 2176 fieri

151 2215 276 2252 posse.
355 2202 491 2253 Atque
523 2202 619 2241 haec
652 2202 768 2253 (nihil
804 2203 910 2241 enim
946 2199 1351 2253 praetermittendum
1383 2199 1434 2238 de
