1492 2407
465 64 618 90 sromns
645 65 746 91 raon
772 66 916 92 menno.
1277 61 1322 94 49

55 148 256 190 Mulvium
287 159 568 203 pervenerunt,
598 159 719 204 atque
755 153 807 192 ihi
840 154 879 192 in
914 154 1103 205 proximis
1133 154 1236 194 villis
1266 157 1363 194 itaso

52 212 246 265 bipartito
265 212 430 252 fuerunt
450 221 496 252 ut
515 214 670 253 Tiberis
697 216 802 254 inter
821 229 886 254 eos
915 224 955 254 et
982 230 1080 268 pons
1100 217 1317 256 interesset.

53 273 204 314 Eodem
229 282 365 314 autem
392 282 432 314 et
457 276 532 328 ipsi
559 277 642 315 sine
670 278 901 329 cuiusquam
928 279 1149 329 suspicione
1176 279 1322 318 multos

52 335 177 376 fortes
205 337 312 376 viros
345 337 582 385 eduxerunt,
615 346 655 377 et
689 353 762 391 ego
793 353 841 378 ex
877 341 1123 391 praefectura
1154 341 1321 380 Reatina

51 398 275 451 complures
295 399 468 439 delectos
488 400 771 447 adulescentes,
795 415 962 452 quorum
983 416 1101 454 opera
1122 403 1160 441 in
1183 404 1320 455 repub-

51 460 127 505 lica
145 461 302 501 assidue
316 470 417 509 utor,
435 462 630 514 praesidio
651 477 738 501 cum
755 463 896 516 gladiis
914 465 1106 503 miseram.
1156 465 1318 504 Interim
1329 481 1361 506 8⁵

51 524 173 563 tertia
210 523 293 563 fere
327 524 462 577 vigilia
496 532 646 571 exacta,
680 539 768 563 cum
804 526 881 564 iam
921 534 1081 577 pontem
1122 527 1319 566 Mulvium

51 599 198 639 magno
235 587 429 625 comitatu
461 587 580 639 legati
615 587 874 639 Allobrogum
909 588 1062 640 ingredi
1101 589 1320 640 inciperent

51 661 211 700 unaque
231 648 475 695 Vulturcius,
499 649 545 687 fit
568 649 608 687 in
636 663 701 688 eos
728 650 924 700 impetus3
953 650 1178 689 educuntur
1201 659 1242 690 et
1269 651 1320 690 ab

50 709 130 750 illis
148 710 272 763 gladii
298 718 339 750 et
363 724 386 749 a
406 712 562 750 nostris.
623 711 700 750 Res
721 720 806 750 erat
826 712 1073 763 praetoribus
1100 721 1192 751 nota
1213 713 1315 759 solis,

49 772 311 825 ignorabatur
329 786 353 811 a
378 773 528 812 ceteris.
588 773 691 811 Tum
717 774 944 812 interventu
970 774 1170 826 Pomptini
1197 783 1359 826 atquem

50 834 180 874 Flacci
214 848 358 888 pugna,
390 849 492 887 quae
526 841 611 874 erat
645 836 861 882 commissa,
898 835 1068 874 sedatur.
1129 836 1314 885 Litterae,

50 910 323 948 quaecumque
350 904 464 936 erant
491 897 531 935 in
561 910 608 936 eo
636 898 838 943 comitatu,
862 897 1027 950 integris
1056 899 1188 951 signis,
1211 912 1317 950 prae—

50 959 204 998 toribus
241 959 476 998 traduntur:
516 959 590 1010 ipsi
625 959 895 1010 comprehensi
929 959 980 998 ad
1013 973 1085 1007 me,
1117 973 1206 998 cum
1239 960 1317 999 iam

49 1020 318 1069 dilucesceret,
341 1021 607 1061 deducuntur.

116 1155 264 1196 LVIII.
296 1157 336 1196 A
340 1159 431 1195 rrest
449 1156 493 1207 of
507 1156 562 1194 the
584 1156 850 1207 Conspiratms:
881 1156 1041 1207 Meetinq
1059 1157 1102 1208 of
1115 1158 1254 1197 Sermte.

103 1259 239 1311 Atque
268 1259 411 1299 horum
440 1260 619 1299 omnium
648 1259 838 1299 scelerum
872 1260 1205 1311 improbissimum
1238 1274 1317 1299 ma-

48 1321 307 1369 chinatorem,
327 1320 534 1361 Cimbrum
551 1321 778 1367 Gabinium,
797 1321 932 1359 statim
952 1320 1002 1359 ad
1023 1335 1095 1368 me,
1119 1321 1315 1361 nihildum

47 1383 326 1435 suspicantem,
349 1383 499 1422 vocavi.
545 1382 700 1422 Deinde
721 1383 815 1421 item
836 1384 1048 1422 accersitur
1067 1383 1110 1422 P.
1133 1384 1316 1423 Statilius

47 1451 90 1485 et
117 1450 209 1498 post
237 1458 328 1484 eum
357 1444 399 1484 C.
423 1444 635 1497 Cethegus.
694 1444 932 1484 Tardissime
961 1453 1095 1485 autem
1122 1445 1314 1484 Lentulus

47 1508 170 1555 venit,
197 1507 315 1547 credo
335 1507 442 1558 quod
466 1507 611 1546 litteris
637 1506 779 1546 dandis
806 1514 962 1559 praeter
988 1507 1338 1547 consuetudinem⁵

47 1571 230 1623 proxima
255 1576 371 1609 nocte
397 1569 592 1622 vigilaret.
652 1569 753 1609 Cum
780 1583 872 1608 vero
899 1571 1061 1608 summis
1086 1583 1129 1608 ac
1153 1569 1314 1608 clarissi-

47 1633 123 1672 mis
142 1632 261 1672 huius
281 1632 455 1671 civitatis
475 1632 581 1679 viris,
605 1632 683 1683 qui,
702 1631 839 1670 audita
859 1646 911 1679 re,
935 1632 1161 1683 frequentes
1180 1631 1231 1670 ad
1251 1644 1314 1670 me

46 1709 164 1734 mane
192 1701 471 1742 convenerant,
494 1693 647 1733 litteras
676 1707 699 1732 a
728 1708 790 1733 me
814 1695 923 1746 prius
951 1694 1094 1746 aperiri
1119 1707 1238 1744 quam
1262 1692 1313 1732 ad

46 1763 231 1797 senatum
268 1756 414 1796 deferri
448 1755 632 1808 placeret,
665 1769 724 1803 ne,
757 1757 789 1794 si
825 1755 922 1794 nihil
956 1762 1058 1795 esset
1091 1756 1310 1802 inventum,

45 1824 197 1859 temere
215 1833 239 1858 a
257 1832 321 1858 me
340 1824 477 1858 tantus
504 1818 703 1857 tumultus
729 1818 897 1857 iniectus
923 1818 1075 1856 civitati
1097 1817 1308 1864 videretur,
1323 1829 1354 1855 10

45 1881 189 1935 negavi
213 1894 277 1921 me
297 1894 380 1920 esse
404 1880 614 1928 facturum,
637 1888 683 1919 ut
709 1880 758 1919 de
784 1879 957 1932 periculo
983 1879 1139 1931 publico
1164 1892 1243 1917 non
1262 1877 1314 1917 ad

45 1943 254 1983 consilium
284 1943 487 1996 publicum
526 1956 609 1982 rem
643 1943 839 1994 integram
877 1941 1082 1980 deferrem.
1141 1941 1312 1987 Etenim,

45 2004 232 2055 Quirites,
264 2005 298 2045 si
327 2019 383 2053 ea,
418 2018 520 2057 quae
549 2012 663 2044 erant
693 2004 744 2043 ad
776 2017 838 2042 me
869 2003 1011 2051 delata,
1047 2009 1204 2055 reperta
1234 2015 1312 2041 non

44 2073 186 2116 essent,
217 2073 354 2108 tamen
388 2081 462 2121 ego
495 2080 574 2106 non
604 2066 827 2105 arbitrabar
857 2066 896 2104 in
928 2066 1050 2104 tantis
1077 2064 1313 2116 reipublicae

43 2130 230 2182 periculis
254 2130 354 2170 mihi
380 2143 463 2170 esse
489 2129 652 2168 nimiam
672 2128 920 2180 diligentiam
946 2126 1298 2179 pertimescendam
1323 2141 1356 2166 1⁵

44 2190 238 2232 Senatum
258 2193 510 2245 frequentem
530 2191 720 2238 celeriter,
743 2196 789 2229 ut
809 2189 975 2237 vidistis,
999 2189 1119 2241 coegi.
1178 2189 1312 2240 Atque

176 2254 303 2288 (1117)
1157 2250 1181 2276 ι)
