1492 2407
155 59 201 91 36
565 66 718 90 STORIES
745 66 846 89 FROM
872 66 1016 90 CICERO.

154 152 205 191 ad
237 153 403 191 fiuvium
436 152 601 204 Sagram
633 151 886 191 Crotoniatas
918 152 1033 191 Locri
1067 153 1242 192 maximo
1277 153 1429 206 proelio

154 215 403 261 devicissent,
428 228 473 252 eo
500 215 585 265 ipso
610 214 674 252 die
701 214 881 252 auditam
907 227 990 253 esse
1017 228 1103 253 eam
1124 229 1301 268 pugnam
1321 215 1427 255 ludis

114 289 144 313 15
156 277 365 328 Olympiae
403 277 615 315 memoriae
654 276 859 328 proditum
898 284 967 315 est.
1028 277 1153 329 Saepe
1195 278 1426 318 Faunorum

154 353 268 378 voces
285 338 507 385 exauditae,
524 352 638 389 saepe
657 338 761 377 visae
782 338 932 377 formae
949 338 1124 387 deorum,
1144 341 1325 391 quemvis
1345 354 1426 380 non

153 408 223 440 aut
253 401 438 439 hebetem
463 406 534 438 aut
564 401 731 452 impium
759 400 853 439 deos
882 408 1110 452 praesentes
1137 415 1220 442 esse
1247 403 1426 442 confiteri

153 468 379 515 coegerunt.

406 542 812 578 XLVII.—ROMAN
853 543 1172 579 WITTICISMS.

207 641 264 692 (a)
296 640 339 689 Q.
374 640 586 687 Maximus,
611 640 680 691 qui
709 640 928 679 Tarentum
955 640 1164 693 vigilantia
1194 647 1235 680 et
1263 640 1426 681 consilio

151 703 311 754 recepit,
336 702 560 750 Salinatori,
585 703 653 754 qui
679 703 824 742 amisso
848 703 995 754 oppido
1024 703 1183 756 fugerat
1212 704 1253 742 in
1281 717 1424 752 arcem,

151 765 340 818 glorianti
360 771 481 816 atque
501 765 558 803 ita
578 765 744 804 dicenti:
779 770 800 786 “
816 766 905 804 Mea
927 779 1056 817 opera,
1084 765 1127 814 Q.
1151 765 1259 813 Fabi,
1283 766 1427 805 Taren-

152 834 240 866 tum
269 827 498 879 recepisti'':
537 827 690 866 “Certe
707 827 725 842 ’'
754 828 896 879 inquit,
929 827 1082 867 ridens:
1117 832 1244 866 “nam
1273 828 1350 866 nisi
1379 835 1427 868 tu

127 891 359 938 5amisisses,
383 904 603 941 numquam
623 890 857 942 recepissem
871 890 899 929 ²⁷.

207 954 260 1005 (b)
291 952 457 992 Crassus
478 952 635 991 cuidam
656 953 725 1004 qui
745 966 835 991 eum
856 958 1027 1005 rogarat,
1050 966 1148 991 num
1173 953 1208 992 ei
1234 953 1427 992 molestus

152 1023 256 1054 esset
282 1015 454 1063 futurus,
478 1016 510 1054 si
534 1015 585 1054 ad
610 1029 700 1054 eum
719 1016 820 1054 bene
843 1023 937 1054 ante
967 1016 1096 1054 lucem
1119 1015 1303 1063 venisset,
1330 1016 1428 1056 “Tu

151 1091 247 1117 vero
261 1078 289 1126 '',
313 1078 455 1129 inquit,
483 1077 707 1117 “molestus
727 1091 807 1117 non
828 1079 904 1116 eris
918 1078 946 1117 ³⁷.
994 1078 1189 1117 “Iubebis
1209 1078 1334 1130 igitur
1353 1083 1394 1117 te
1408 1077 1426 1093 ”

151 1140 294 1191 inquit,
322 1145 344 1161 “
357 1140 562 1179 suscitari'l
577 1140 595 1155 ''
615 1146 656 1178 et
679 1140 755 1188 ille,
775 1144 797 1161 “
810 1139 928 1179 Certe
944 1153 1132 1192 negaram
1152 1146 1192 1178 te
1212 1139 1426 1179 molestum

110 1216 143 1241 10
152 1202 337 1241 futurum
350 1202 379 1241 ’'.

207 1266 257 1317 (c)
274 1264 315 1304 C.
332 1264 501 1313 Laelius,
518 1278 608 1304 cum
622 1265 657 1304 ei
673 1264 835 1316 quidam
851 1264 955 1304 malo
970 1278 1115 1317 genere
1131 1270 1250 1303 natus
1262 1263 1423 1312 diceret,

150 1327 363 1380 indignum
390 1341 473 1366 esse
500 1328 581 1366 suis
606 1327 832 1374 maioribus,
860 1328 951 1365 “At
977 1327 1108 1366 hercle
1122 1326 1150 1374 ''‚
1176 1327 1319 1378 inquit,
1346 1331 1429 1366 “tu

150 1390 231 1428 tuis
251 1389 397 1442 dignus
412 1389 440 1428 ''.

205 1452 263 1503 (d)
291 1452 445 1500 Nasica,
470 1466 560 1491 cum
582 1451 634 1490 ad
659 1458 817 1504 poetam
841 1451 1017 1490 Ennium
1040 1451 1214 1491 venisset
1238 1451 1353 1503 eique
1375 1451 1428 1490 ab

109 1529 141 1554 15
151 1514 253 1553 ostio
278 1515 486 1565 quaerenti
515 1514 690 1553 Ennium
718 1514 860 1552 ancilla
886 1514 1053 1553 dixisset
1082 1514 1191 1553 domi
1219 1526 1300 1552 non
1329 1526 1423 1561 esse,

150 1577 296 1616 Nasica
324 1578 449 1617 sensit
477 1578 587 1616 illam
611 1577 764 1616 domini
792 1577 903 1616 iussu
927 1576 1075 1616 dixisse
1105 1582 1145 1616 et
1173 1576 1288 1615 illum
1315 1576 1426 1615 intus

150 1653 244 1679 esse.
286 1640 428 1679 Paucis
443 1646 534 1692 post
549 1639 689 1679 diebus
705 1653 795 1678 cum
810 1639 862 1678 ad
882 1639 1068 1677 Nasicam
1083 1639 1258 1678 venisset
1273 1638 1426 1677 Ennius

150 1708 191 1741 et
216 1716 308 1742 eum
332 1717 355 1741 a
379 1703 499 1741 ianua
519 1708 737 1754 quaereret,
762 1702 958 1741 exclamat
983 1701 1128 1740 Nasica
1151 1714 1192 1740 se
1211 1701 1320 1740 domi
1345 1713 1426 1739 non

150 1778 244 1804 esse.
304 1765 408 1804 Tum
431 1765 594 1812 Ennius,
621 1764 791 1813 “Quid‘l
820 1778 894 1816 ego
918 1778 998 1803 non
1022 1776 1214 1816 cognosco
1227 1762 1257 1811 ²²,
1279 1762 1422 1813 inquit,

109 1839 140 1863 20
154 1832 326 1867 “vocem
345 1830 482 1867 tuam?
496 1827 514 1842 ''
555 1827 633 1866 Hic
652 1827 807 1874 Nasica,
830 1826 998 1865 “Homo
1013 1839 1054 1865 es
1073 1824 1294 1877 impudens.
1339 1824 1426 1877 Ego

149 1903 239 1929 cum
260 1896 301 1929 te
317 1904 558 1942 quaererem,
574 1890 739 1929 ancillae
759 1896 852 1928 tuae
873 1888 1022 1928 credidi
1042 1894 1083 1927 te
1098 1887 1207 1927 domi
1226 1900 1305 1926 non
1323 1900 1427 1935 esse;

149 1958 196 1991 tu
216 1952 316 1990 mihi
336 1966 418 1991 non
438 1952 564 1991 eredis
584 1952 718 2004 ips12''

205 2014 256 2066 (e)
281 2014 448 2062 Siculus,
471 2027 562 2053 cum
582 2015 617 2053 ei
638 2014 844 2053 familiaris
865 2012 1028 2065 quidam
1048 2016 1293 2064 quereretur,
1317 2010 1426 2063 quod

148 2075 310 2124 diceret,
328 2090 495 2115 uxorem
512 2090 624 2115 suam
640 2076 892 2128 suspendisse
907 2089 948 2114 se
964 2075 1014 2114 de
1028 2075 1116 2122 ficu,
1137 2074 1323 2113 “Amabo
1338 2080 1380 2113 te
1393 2072 1422 2122 '’,

108 2153 140 2177 25
149 2138 292 2190 inquit,
319 2144 341 2160 “
353 2138 405 2177 da
424 2138 523 2177 mihi
543 2152 594 2178 ex
612 2139 689 2177 ista
709 2139 849 2177 arbore
869 2151 968 2189 quos
988 2150 1116 2176 seram
1136 2136 1314 2176 surculos
1328 2135 1357 2175 ''.

204 2201 272 2253 (f)
303 2201 470 2241 Catulus
494 2201 651 2239 cuidam
675 2201 823 2239 oratori
849 2199 964 2247 malo,
988 2199 1067 2251 qui,
1091 2212 1182 2238 eum
1207 2199 1248 2237 in
1269 2198 1426 2252 epilogo
