1492 2407
134 62 180 94 52
547 70 701 94 s'romEs
729 71 829 95 FROM
855 71 998 96 cremo.

133 157 182 196 sit
208 170 353 197 necesse.
415 158 524 205 Cura,
556 161 596 195 ut
624 159 786 196 omnium
816 158 880 195 tihi
909 158 1051 196 cauas-ilia
1080 158 1272 210 adiunqas,
1301 161 1410 199 etiam

135 220 354 270 infimorwn.
429 220 623 258 Gabinius
661 218 807 258 deinde
845 219 1109 268 introductus,
1153 234 1242 260 cum
1281 222 1410 274 primo

134 282 390 333 impudenter
411 281 648 332 respondere
675 282 878 333 coepisset,
901 282 953 320 ad
980 291 1206 322 extremum
1233 284 1332 323 nihil
1359 297 1409 323 ex

136 345 201 392 eis,
225 358 326 395 quae
348 344 453 383 Galli
480 344 774 391 insimulabant,
798 345 971 396 negavit.
1032 346 1090 383 Ac
1111 346 1208 385 mihi
1232 347 1405 398 quidem,

93 423 126 448 45
137 406 322 455 Quirites,
347 420 435 444 cum
462 406 530 444 illa
556 407 775 444 certissima
801 414 896 445 sunt
916 407 1000 445 visa
1026 415 1262 460 argumenta
1287 416 1407 461 atque

135 469 281 507 indicia
315 469 482 516 sceleris,
519 469 699 516 tabellae,
736 469 858 521 signa,
897 483 1047 517 manus,
1085 470 1257 522 denique
1290 473 1408 511 unius

135 532 325 582 cuiusque
352 532 557 578 confessio,
581 538 668 570 tum
695 532 824 570 multo
851 532 918 570 illa
945 533 1123 582 certiora,
1153 533 1268 581 color,
1292 535 1404 582 oculi,

134 593 280 641 vultus,
313 594 577 632 taciturnitas.
637 594 701 632 Sic
726 595 832 633 enim
859 596 1145 646 obstipuerant,
1178 597 1232 635 sic
1261 603 1408 636 terram

134 656 406 704 intuebantur,
423 657 476 695 sic
492 656 632 694 siu-tim
650 671 950 708 nonnumquam
971 658 1076 697 inter
1096 671 1136 696 se
1151 658 1404 710 aspiciebant,

93 727 181 762 50ut
210 735 290 760 non
319 723 398 760 iam
426 722 476 761 ab
505 722 592 761 aliis
622 722 799 771 indicari,
826 723 896 762 sed
925 723 1100 763 indicare
1129 737 1170 762 se
1199 724 1274 776 ipsi
1304 723 1409 764 vide-

134 790 284 823 rentur.

481 855 565 895 LX.
599 855 734 895 Debate
762 857 803 895 in
832 856 890 895 the
918 857 1059 896 Senate.

188 959 351 999 Indiciis
378 961 570 1012 expositis
595 967 717 1013 atque
747 961 875 1010 editis,
900 961 1085 1010 Quirites,
1115 967 1298 1000 senatum
1322 975 1410 1001 con-

133 1022 248 1071 sului,
278 1023 327 1062 de
357 1037 512 1062 summa
540 1024 743 1076 republica
772 1024 869 1075 quid
898 1025 983 1063 fieri
1012 1024 1195 1075 placeret.
1228 1024 1408 1063 Primum

133 1085 232 1124 mihi
260 1085 414 1138 gratiae
444 1086 575 1125 verbis
604 1087 857 1138 amplissimis
886 1092 1072 1138 aguntur,
1105 1085 1213 1137 quod
1242 1086 1404 1133 virtute,

133 1148 306 1196 consilio,
330 1148 584 1199 providentia
603 1163 691 1187 mea
706 1149 928 1201 respublica
947 1148 1131 1200 periculis
1151 1148 1204 1186 sit
1223 1149 1409 1187 maximis

107 1209 318 1249 5liberata:
348 1210 494 1250 deinde
524 1211 566 1250 L.
596 1211 759 1250 Flaccus
789 1218 830 1250 et
857 1211 899 1251 C.
922 1211 1161 1262 Pomptinus
1191 1217 1404 1262 praetores,

132 1272 240 1324 quod
265 1286 402 1312 eorum
431 1287 550 1325 opera
574 1273 670 1312 forti
697 1273 883 1325 fidelique
911 1287 1006 1312 usus
1031 1287 1166 1320 essem,
1190 1274 1334 1312 merito
1362 1287 1409 1312 ac

131 1335 217 1374 iure
237 1335 471 1375 laudantur:
500 1341 623 1388 atque
644 1337 764 1387 etiam
779 1337 866 1375 viro
886 1335 992 1383 forti,
1012 1335 1184 1388 collegae
1200 1349 1298 1383 meo,
1322 1335 1409 1374 laus

131 1397 373 1449 impertitur,
403 1397 511 1450 quod
540 1412 617 1446 eos,
641 1399 709 1450 qui
739 1398 856 1437 huius
884 1398 1169 1437 coniurationis
1195 1397 1407 1449 participes

131 1458 313 1508 fuissent,
335 1474 359 1498 a
379 1461 459 1499 suis
480 1466 521 1499 et
540 1460 780 1512 reipublicae
800 1460 973 1499 consiliis
994 1460 1238 1499 removisset.
1270 1460 1406 1511 Atque

91 1535 123 1560 10
132 1522 189 1561 ita
218 1529 468 1572 censuerunt,
500 1529 548 1562 ut
581 1524 624 1562 P.
657 1523 863 1570 Lentulus,
895 1537 985 1561 cum
1014 1536 1055 1562 se
1084 1528 1271 1575 praetura
1299 1522 1408 1562 abdi-

131 1590 268 1633 casset,
305 1591 393 1624 tum
426 1586 468 1624 in
507 1585 729 1625 custodiam
762 1585 1008 1624 traderetur:
1051 1586 1227 1637 itemque
1260 1585 1321 1624 uti
1361 1585 1403 1625 C.

132 1646 345 1700 Cethegus,
364 1647 407 1687 L.
427 1648 621 1696 Statilius,
640 1648 683 1687 P.
708 1648 912 1696 Gabinius,
932 1648 1001 1700 qui
1021 1661 1157 1687 omnes
1178 1653 1410 1699 praesentes.

131 1716 255 1758 erant,
278 1710 320 1748 in
347 1711 569 1749 custodiam
594 1711 873 1750 traderentur:
903 1716 1024 1762 atque
1048 1710 1154 1749 idem
1179 1710 1251 1749 hoc
1277 1709 1409 1748 decre-

131 1777 219 1811 tum
253 1778 313 1812 est
345 1773 388 1811 in
421 1773 464 1812 L.
497 1773 688 1821 Cassium,
720 1774 789 1825 qui
822 1774 898 1812 sibi
928 1773 1247 1825 procurationem
1277 1773 1406 1811 incen—

90 1834 286 1875 15dendae
316 1835 439 1874 Urbis
467 1835 781 1888 depoposcerat,·
814 1836 856 1874 in
891 1836 946 1874 M.
979 1835 1226 1887 Caeparium,
1259 1835 1322 1873 cui
1353 1834 1406 1874 ad·

131 1897 401 1936 sollicitandos
443 1903 622 1950 pastores
660 1898 851 1950 Apuliam
899 1911 982 1937 esse
1029 1897 1277 1944 attributam,
1319 1903 1407 1935 erat

130 1958 372 2009 indicatum3
399 1960 441 1998 in
471 1960 514 1999 P.
546 1960 724 2008 Furium,
757 1961 826 2012 qui
856 1966 916 1999 est
945 1973 996 1999 ex
1024 1959 1085 1998 his
1115 1958 1273 2006 colonis,
1305 1972 1404 2010 quos

130 2020 316 2060 Faesulas
337 2022 380 2061 L.
399 2022 510 2061 Sulla
530 2022 701 2062 deduxit
715 2038 725 2071 3
753 2023 795 2061 in
816 2022 859 2071 Q.
880 2021 1077 2061 Manlium
1098 2020 1316 2068 Chilonem,
1335 2021 1408 2071 qui

130 2096 210 2121 una
244 2097 334 2122 cum
368 2084 441 2123 hoc
479 2084 602 2123 Furio
640 2098 795 2136 semper
829 2090 915 2123 erat
953 2084 995 2122 in
1033 2083 1106 2121 hac
1140 2082 1407 2135 Allobrogum·

89 2157 122 2182 20
132 2145 410 2185 sollicitatione
448 2153 655 2195 versatus,
701 2147 743 2185 in
781 2147 825 2185 P.
868 2146 1130 2192 Umbrenum,
1171 2144 1404 2183 libertinum

130 2207 342 2256 hominem,
365 2222 389 2246 a
411 2221 491 2260 quo
514 2209 688 2260 primum
714 2208 850 2262 Gallos
876 2207 928 2247 ad
948 2207 1165 2247 Gabinium
1190 2206 1408 2259 perductos
