1492 2407
481 68 636 94 &tomus
662 69 763 94 rROM
788 69 931 94 clctno.
1297 63 1337 95 13

67 152 284 201 videretur,
313 167 336 193 a
365 154 455 193 filiis
484 155 524 193 in
556 154 744 193 iudicium
775 161 936 194 vocatus
965 163 1035 203 est,
1069 162 1123 202 ut,
1155 155 1337 207 quemad-

68 215 234 256 modum
254 223 391 256 nostro
411 230 519 256 more
541 217 642 256 male
662 230 745 256 rem
770 217 1001 269 gerentibus
1027 191 1206 269 pan-flius
1226 218 1338 256 bonis

68 277 256 318 interdici
280 278 392 326 solet,
415 278 603 334 sicjllum
624 280 736 331 quasi
762 279 1023 331 desipientem
1044 294 1067 318 a
1088 293 1128 318 re
1155 279 1363 318 familiaria

0 347 322 395 *removerent
355 340 514 380 iudices.
574 341 677 380 Tum
710 355 831 381 senex
862 341 1010 380 dicitur
1043 356 1129 381 eam
1164 341 1338 380 fabulam

68 415 189 455 quam
204 401 246 442 in
262 403 445 442 manibus
461 403 633 442 habebat
653 410 693 442 et
709 404 887 455 proxime
903 404 1123 455 scripserat,
1141 403 1338 455 Oedipum

69 464 300 512 Coloneum,
334 465 518 504 recitasse
553 464 759 513 iudicibus,
797 466 1072 517 quaesisseque
1112 479 1206 504 num
1240 465 1339 504 illud

69 540 227 566 carmen
259 526 493 579 desipientis
527 527 741 566 videretur.
801 528 888 578 Quo
919 528 1094 576 recitato,
1131 527 1339 567 sententiis

70 588 247 629 iudicum
268 596 329 628 est
350 589 550 628 liberatus.
1351 604 1380 629 10

323 752 480 787 V1.—A
512 751 789 787 DOUBTFUL
820 751 1078 787 BLESSING.

125 860 247 913 Apud
268 861 439 901 Graecos
466 861 594 900 fertur
620 861 841 900 incredibili
866 861 1037 913 quadam
1063 861 1339 914 magnitudine

71 923 209 963 consili
228 930 349 975 atque
374 924 508 975 ingeni
530 923 784 962 Atheniensis
809 924 873 962 ille
898 923 1017 962 fuisse
1037 923 1340 972 Themistocles;

70 985 122 1024 ad
147 998 266 1037 quem
286 985 449 1036 quidam
469 984 610 1024 doctus
640 985 758 1024 homo
777 992 896 1036 atque
927 986 966 1024 in
996 986 1133 1037 primis
1159 985 1339 1024 eruditus

70 1047 277 1086 accessisse
321 1046 479 1094 dicitur,
522 1047 636 1098 eique
679 1054 806 1086 artem
850 1047 1072 1094 memoriae,
1113 1060 1214 1098 quae
1253 1054 1338 1086 tum

71 1109 246 1161 primum
266 1109 552 1161 proferebatur,
576 1109 775 1161 pollicitus
795 1123 878 1148 esse
898 1122 938 1148 se
958 1109 1222 1157 traditurum;
1249 1122 1364 1149 cums

71 1170 139 1210 ille
170 1171 389 1222 quaesisset
422 1171 613 1222 quidnam
647 1171 714 1210 illa
745 1185 807 1210 ars
838 1172 987 1211 efficere
1018 1180 1161 1223 posset,
1192 1171 1339 1211 dixisse

71 1233 186 1272 illum
201 1233 415 1280 doctorem,
434 1239 480 1272 ut
496 1234 628 1272 omnia
643 1234 905 1281 meminisset5
928 1240 968 1272 et
983 1234 1017 1272 ei
1034 1233 1340 1272 Themistoclem

72 1295 333 1348 respondisse,
364 1296 518 1348 gratius
547 1296 621 1334 sibi
652 1295 763 1334 illum
793 1309 875 1334 esse
904 1295 1113 1343 facturum,
1145 1296 1178 1334 si
1207 1309 1248 1334 se
1276 1295 1340 1335 ob-

72 1357 199 1397 livisci
219 1371 321 1409 quae
341 1357 472 1405 vellet,
496 1371 614 1408 quam
635 1358 667 1396 si
687 1358 911 1396 meminisse
931 1357 1139 1397 docuisset.

73 1527 238 1563 VII.—“
249 1526 312 1562 TO
329 1526 437 1561 LAY
461 1525 617 1562 DOWN
635 1527 724 1561 HIS
743 1526 860 1561 LIFE
886 1526 986 1561 FOR
1003 1525 1093 1561 HIS
1111 1525 1340 1561 FRIEND.’'

128 1636 350 1676 Damonem
370 1641 411 1674 et
431 1634 635 1673 Phintiam
659 1635 931 1687 Pythagoreos
955 1634 1090 1673 ferunt
1116 1634 1188 1673 hoc
1207 1634 1341 1673 animo

74 1698 180 1738 inter
199 1711 240 1737 se
260 1697 392 1744 fuisse,
414 1703 471 1744 ut,
495 1710 584 1735 cum
604 1710 740 1735 eorum
766 1697 881 1736 alteri
908 1696 1125 1748 Dionysius
1145 1702 1341 1748 tyrannus

73 1759 182 1800 diem
210 1760 316 1798 necis
344 1758 634 1805 destinavisset,
659 1765 699 1798 et
729 1759 760 1797 is
787 1759 854 1810 qui
884 1759 1002 1798 morti
1029 1757 1212 1797 addictus
1239 1763 1341 1797 esset

73 1835 221 1876 paucos
235 1822 310 1861 sibi
323 1821 408 1860 dies
423 1820 827 1860 commendandorum
842 1833 1004 1859 suorum
1019 1833 1156 1859 caussa
1171 1819 1341 1871 postula—

73 1885 208 1932 visset,
236 1897 306 1923 vas
334 1883 462 1922 factus
491 1884 544 1922 sit
572 1882 674 1922 alter
702 1883 785 1921 eius
813 1882 988 1929 sistendi,
1021 1888 1077 1930 ut,
1109 1883 1141 1921 si
1171 1882 1236 1921 ille
1261 1895 1366 1921 nons

74 1946 316 1994 revertisset,
339 1945 590 1985 moriendum
615 1950 719 1984 esset
743 1944 827 1996 ipsi.
887 1944 963 1993 Qui
990 1958 1079 1983 cum
1098 1943 1150 1982 ad
1169 1943 1275 1984 diem
1300 1957 1341 1983 se

74 2008 298 2060 recepisset,
320 2007 540 2047 admiratus
560 2020 697 2046 eorum
717 2006 834 2045 fidem
855 2012 1050 2058 tyrannus
1070 2006 1216 2058 petivit
1236 2011 1281 2045 ut
1300 2019 1341 2045 se

74 2070 128 2111 ad
145 2070 363 2110 amicitiam
383 2070 548 2109 tertium
574 2069 824 2108 ascriberent.
884 2068 985 2108 Cum
1009 2069 1134 2121 igitur
1159 2068 1211 2116 id,
1234 2067 1341 2120 quod

74 2132 176 2173 utile
206 2132 368 2172 videtur
400 2132 442 2171 in
470 2131 654 2178 amicitia,
686 2144 775 2169 cum
804 2144 859 2177 eo,
891 2130 999 2182 quod
1028 2131 1239 2170 honestum
1267 2136 1338 2178 est,

76 2201 347 2248 comparatur:
376 2194 502 2233 iaceat
522 2193 710 2232 utilitatis
729 2193 887 2245 species,
911 2192 1041 2232 valeat
1061 2192 1257 2232 honestas.
1351 2202 1382 2227 ιο

1441 145 1477 160 s
1441 99 1471 118 i
