1492 2407
138 69 183 101 32
551 77 615 102 sro
621 77 704 101 mss
729 77 831 101 raom
857 77 1002 102 emano.

139 163 413 212 “Videtisne‚”
427 164 568 215 inquit,
589 164 742 211 “amiei,
759 177 879 215 quam
891 165 996 203 bona
1009 178 1032 203 a
1044 164 1106 204 dis
1118 165 1412 206 immortalibus

135 227 339 278 navigatio
355 226 555 278 sacrilegis
568 225 687 264 detur
698 225 736 264 2'’
776 226 903 276 quue
919 226 1038 266 homo
1052 234 1193 266 acutus
1206 241 1296 267 cum
1310 228 1412 268 bene

135 288 331 340 planeque
361 288 611 339 percepisset,
644 288 685 326 in
715 287 854 326 eadem
882 289 1082 327 sententia
1111 291 1410 341 perseverabat:

95 365 126 390 10
136 351 215 402 qui,
253 363 342 388 cum
381 349 432 388 ad
471 349 791 401 Peloponnesum
825 350 989 389 classem
1022 351 1252 403 appulisset,
1291 359 1331 392 et
1369 354 1410 392 in

134 415 274 453 fanum
294 415 469 453 venisset
490 414 596 453 Iovis
617 414 806 466 Olympii,
829 429 994 454 aureum
1015 416 1050 455 ei
1070 416 1249 456 detraxit
1267 418 1411 457 amicu-

134 477 229 525 lum,
262 476 406 529 grandi
437 476 623 528 pondere,
658 490 737 528 quo
769 477 907 516 Iovem
937 485 1099 517 ornarat
1131 492 1181 518 ex
1211 479 1411 518 manubiis

135 539 540 592 Karthaginiensium
560 546 758 591 tyrannus
779 539 914 579 Hiero.

299 688 667 724 XLI.——ADDING
701 689 895 724 INSULT
927 689 992 724 TO
1026 689 1241 727 INJURY.

187 780 324 832 Atque
352 780 395 819 in
425 793 471 820 eo
500 780 622 820 etiam
652 781 860 820 cavillatus
891 788 960 830 est,
993 787 1146 821 aestate
1174 796 1297 834 grave
1325 796 1410 822 esse

133 856 299 882 aureum
319 843 545 891 amiculum,
562 843 691 882 hieme
708 843 910 896 frigidum,
928 844 1043 895 eique
1063 844 1224 883 laneum
1243 844 1408 896 pallium

133 906 280 953 iniecit,
305 919 396 944 cum
416 905 459 944 id
480 919 563 944 esse
583 912 723 957 aptum
743 906 794 944 ad
815 920 930 945 omne
951 907 1046 945 anni
1066 913 1225 958 tempus
1244 906 1405 946 diceret.

134 967 326 1019 Idemque
379 967 609 1020 Aesculapii
655 968 848 1020 Epidauri
895 969 1060 1007 barbam
1098 982 1260 1008 auream
1301 969 1408 1008 demi

108 1016 259 1069 ⁵iussit.
301 1030 443 1082 Neque
465 1030 571 1069 enim
591 1031 802 1069 convenire
822 1031 1035 1069 barbatum
1055 1044 1139 1070 esse
1157 1031 1294 1079 filium,
1318 1045 1407 1070 cum

132 1093 175 1131 in
209 1093 392 1131 omnibus
427 1093 530 1131 fanis
564 1098 679 1144 pater
711 1093 901 1132 imberbis
935 1099 1048 1132 esset.
1108 1092 1222 1132 Idem
1252 1107 1407 1132 mensas

132 1160 341 1207 argenteas
370 1154 420 1194 de
450 1155 634 1194 omnibus
663 1155 840 1194 delubris
869 1156 986 1194 iussit
1011 1155 1170 1203 auferri,
1194 1155 1236 1193 in
1262 1155 1407 1207 quibus

133 1217 241 1269 quod
269 1231 378 1256 more
408 1217 555 1256 veteris
585 1217 773 1256 Graeciae
803 1218 1040 1269 inscriptum
1069 1222 1174 1256 esset
1195 1227 1407 1256 BONORUM

92 1290 324 1346 ODEORUM,
356 1280 418 1319 uti
457 1293 498 1319 se
536 1293 674 1319 eorum
710 1280 892 1319 bonitate
923 1279 1025 1318 velle
1064 1279 1232 1319 dicebat.
1292 1279 1406 1319 Idem

92 1321 171 1380 OV
172 1342 371 1381 ictoriolas
392 1355 531 1381 aureas
553 1348 593 1381 et
612 1348 770 1394 pateras
797 1349 837 1381 et
864 1355 1037 1390 coronas,
1056 1355 1159 1393 quae
1182 1341 1406 1381 simulacro-

132 1418 222 1444 rum
252 1405 445 1456 porrectis
476 1405 660 1444 manibus
691 1405 1003 1452 sustinebantur,
1038 1405 1122 1443 sine
1153 1404 1405 1443 dubitatione

131 1467 309 1515 tollebat,
340 1481 465 1519 eaque
494 1480 535 1506 se
563 1468 750 1519 accipere,
782 1481 863 1506 non
891 1467 1048 1506 auferre
1081 1466 1250 1506 dicebat.
1309 1467 1404 1506 Esse

132 1530 239 1569 enim
263 1529 490 1577 stultitiam,
513 1543 536 1568 a
556 1530 701 1581 quibus
730 1530 834 1568 bona
860 1543 1122 1581 precaremm,
1144 1529 1226 1568 ab
1214 1529 1262 1568 lis
1282 1529 1405 1581 porri-

92 1592 319 1666 15gentibus
340 1598 381 1631 et
399 1592 590 1631 dantibus
617 1591 722 1631 nolle
745 1605 910 1631 sumere.
980 1591 1243 1642 Eundemque
1268 1590 1405 1630 ferunt

92 1641 228 1693 ¹⁵haec
258 1654 400 1702 omnia,
433 1667 535 1706 quae
563 1654 659 1701 dixi,
691 1653 849 1693 sublata
877 1654 927 1693 de
956 1653 1059 1692 fanis
1087 1654 1130 1692 in
1158 1653 1290 1692 forum
1318 1666 1404 1722 pro-

132 1716 272 1755 tulisse
298 1722 339 1755 et
364 1730 436 1768 per
461 1730 697 1768 praeconem
716 1716 961 1755 vendidisse:
992 1722 1212 1768 exactaque
1236 1716 1403 1768 pecunia

132 1779 312 1826 edixisse,
336 1785 392 1826 ut,
416 1779 523 1830 quod
550 1779 718 1830 quisque
738 1792 762 1817 a
782 1779 902 1817 sacris
923 1779 1099 1826 haberet,
1121 1778 1164 1817 id
1183 1784 1277 1817 ante
1295 1777 1403 1816 diem

131 1848 281 1880 certam
300 1841 341 1879 in
361 1854 479 1879 suum
499 1841 685 1892 quodque
705 1840 845 1879 fanum
864 1841 1041 1880 referret.
1101 1841 1165 1880 Ita
1189 1839 1241 1879 ad
1268 1840 1403 1891 impie-

131 1908 258 1942 tatem
277 1903 319 1942 in
339 1902 433 1942 deos
453 1903 495 1941 in
515 1903 695 1943 homines
714 1903 902 1942 adiunxit
920 1903 1117 1942 iniuriam.

365 2057 803 2093 XLII.—POINTING
836 2057 942 2092 THE
977 2056 1170 2091 MORAL.

184 2150 242 2188 At
280 2162 581 2201 nonnumquam
618 2149 743 2188 bonos
782 2149 915 2187 exitus
953 2147 1104 2187 habent
1141 2147 1246 2186 boni.
1325 2146 1401 2185 Eos

131 2210 295 2262 quidem
321 2212 534 2264 arripimus
563 2211 903 2263 attribuimusque
931 2211 1016 2250 sine
1044 2209 1126 2249 ulla
1156 2209 1311 2249 ratione
1339 2208 1401 2248 dis
