1492 2407
156 74 200 106 38
567 81 720 105 sromsss
748 80 848 104 mon
875 80 1017 104 menno.

337 192 640 228 XLIX—THE
683 192 874 227 SECRET
916 192 979 227 OF
1021 192 1245 228 SUCCESS.

208 291 422 330 Affirmant
442 290 668 342 philosophi
688 289 788 328 nihil
804 303 1056 341 quemquam,
1075 291 1151 330 nisi
1166 291 1275 342 quod
1295 290 1427 338 libeat,

154 353 353 405 praeclare
392 352 520 391 facere
554 365 678 404 posse.
756 352 892 391 Noctu
924 353 1156 392 ambulabat
1193 353 1235 392 in
1272 353 1431 404 publico

154 415 451 462 Themistocles,
471 414 579 466 quod
599 428 784 453 somnum
804 428 942 466 capere
963 429 1042 454 non
1062 421 1213 467 posset:
1243 428 1431 466 quaeren-

154 478 342 528 tibusque
387 477 664 528 respondebat,
709 477 904 515 Miltiadis
943 478 1116 529 tropaeis
1154 491 1195 516 se
1233 490 1254 516 e
1292 490 1431 517 somno

129 540 346 581 5suscitari.
407 539 482 578 Cui
512 553 591 578 non
621 546 716 578 sunt
744 539 906 579 auditae
935 539 1218 578 Demosthenis
1248 539 1433 592 vigiliae?

155 602 224 652 qui
239 601 373 640 dolere
394 615 435 640 se
455 602 598 648 aiebat,
617 602 650 640 si
666 601 828 652 quando
844 602 1029 653 opificum
1049 602 1286 641 antelucana
1301 602 1432 641 victus

155 670 259 702 esset
287 664 496 702 industria.
557 664 837 715 Philosophiae
870 664 1043 715 denique
1076 664 1201 715 ipsius
1234 665 1431 716 principes

154 740 376 777 numquam
396 727 438 765 in
459 727 539 765 suis
561 726 705 764 studiis
726 732 860 765 tantos
881 740 1112 778 progressus
1133 727 1217 765 sine
1246 727 1433 779 flagranti

155 789 376 840 cupiditate
406 788 535 828 facere
568 788 802 840 potuissent.
874 788 1050 827 Ultimas
1083 796 1209 828 terras
1243 789 1432 829 lustrasse

115 850 440 903 ioPythagoram,
478 851 765 898 Democritum,
803 851 1013 890 Platonem
1046 851 1279 903 accepimus.
1350 851 1432 890 Ubi

155 913 262 951 enim
293 913 391 964 quid
423 919 536 960 esset,
560 913 669 964 quod
697 913 796 951 disci
824 920 968 964 posset,
992 927 1038 952 eo
1061 914 1305 952 veniendum
1333 913 1433 952 iudi-

155 983 360 1014 caverunt.
418 975 528 1014 Num
549 981 738 1026 putamus
760 975 855 1014 haec
882 976 966 1014 fieri
997 976 1080 1014 sine
1105 989 1260 1015 summa
1284 975 1433 1028 cupidi·-

155 1038 251 1076 tatis
271 1038 412 1076 ardore
432 1038 633 1089 potuisse?

307 1170 505 1205 L.—THE
540 1169 739 1205 BATTLE
772 1170 835 1204 OF
869 1170 1086 1204 MUTINA
1110 1169 1192 1215 (13.0.
1212 1171 1282 1215 43).

616 1261 734 1296 Galba
756 1261 918 1297 Ciceroni
935 1261 969 1297 S.

209 1343 257 1382 A.
286 1342 324 1381 d.
358 1343 442 1381 xvii
478 1342 647 1382 Kalend.
683 1342 820 1390 Maias,
854 1356 933 1393 quo
964 1342 1028 1381 dje
1060 1342 1190 1380 Pansa
1222 1342 1265 1380 in
1295 1341 1433 1380 castris

156 1405 267 1444 Hirti
293 1412 379 1444 erat
408 1405 580 1453 futurus,
611 1419 702 1443 cum
727 1418 807 1456 quo
833 1419 907 1457 ego
932 1418 1189 1443 eram—nam
1214 1404 1251 1443 ei
1275 1404 1434 1443 obviam

155 1482 423 1520 processeram
438 1467 548 1506 milia
562 1481 751 1519 passuum
772 1473 943 1515 centum,
962 1481 1042 1518 quo
1061 1467 1258 1505 maturius
1279 1466 1434 1505 veniret

155 1530 413 1569 —Antonius
443 1530 619 1582 legiones
649 1530 790 1568 eduxit
809 1529 918 1577 duas,
942 1528 1158 1568 secundam
1186 1534 1227 1567 et
1250 1529 1434 1580 quintam

131 1593 407 1640 5tricesimam‚
450 1599 491 1631 et
525 1592 706 1631 cohortes
744 1592 963 1643 praetorias
996 1591 1106 1640 duas,
1147 1604 1270 1630 unam
1308 1604 1431 1638 suam,

155 1655 323 1695 alteram
344 1655 479 1703 Silani,
503 1662 544 1694 et
565 1662 820 1694 evocatorum
840 1660 1005 1706 partem.
1059 1654 1124 1693 Ita
1143 1654 1303 1693 obviam
1322 1654 1435 1692 venit

155 1718 280 1765 nobis,
303 1717 412 1769 quod
432 1731 503 1756 nos
524 1723 718 1769 quattuor
737 1717 912 1769 legiones
932 1717 1111 1755 tironum
1139 1716 1285 1754 habere
1305 1715 1435 1754 solum

155 1780 436 1819 arbitrabatur.
497 1779 575 1819 Sed
612 1786 742 1826 noctu,
781 1793 860 1830 quo
893 1779 1023 1817 tutius
1057 1778 1193 1817 venire
1230 1778 1273 1816 in
1306 1783 1435 1816 castra

156 1855 371 1893 possemus,
391 1842 590 1894 legionem
607 1841 807 1889 Martiam,
827 1841 890 1879 cui
906 1855 979 1893 ego
994 1854 1174 1892 praeesse
1189 1839 1374 1887 solebam,
1394 1845 1435 1878 et

116 1921 147 1945 10
156 1904 256 1943 duas
288 1905 469 1943 cohortes
501 1904 720 1955 praetorias
751 1904 915 1943 miserat
945 1903 1105 1942 Hirtius
1136 1902 1260 1941 nobis.
1332 1901 1435 1941 Cum

157 1967 312 2017 equites
328 1967 483 2005 Antoni
498 1967 786 2018 apparuissent,
805 1966 1001 2005 contineri
1016 1977 1145 2016 neque
1164 1964 1269 2016 legio
1286 1963 1435 2002 Martia

157 2042 285 2079 neque
302 2029 483 2068 cohortes
503 2029 726 2080 praetoriae
741 2034 972 2080 potuerunt,
991 2041 1089 2078 quas
1105 2027 1218 2077 sequi
1233 2026 1434 2077 coepimus

157 2092 292 2138 coacti,
316 2091 505 2142 quoniam
525 2091 697 2129 retinere
718 2104 783 2129 eas
804 2104 884 2129 non
903 2095 1173 2141 potueramus.
1231 2088 1435 2127 Antonius

156 2152 208 2191 ad
236 2153 385 2191 Forum
407 2153 614 2192 Gallorum
643 2167 733 2191 suas
757 2153 889 2204 copias
913 2152 1163 2200 continebat3
1191 2164 1321 2202 neque
1345 2149 1436 2189 sciri

118 2227 148 2251 15
158 2215 318 2254 volebat
339 2229 380 2254 se
410 2215 584 2267 legiones
611 2215 774 2254 habere:
805 2221 966 2253 tantum
989 2214 1216 2266 equitatum
1237 2219 1278 2253 et
1306 2213 1436 2252 levem
