1492 2407
461 66 614 91 sromss
641 67 741 92 raon
768 68 911 93 cretum.
1275 64 1318 97 27

47 150 101 191 ad
119 163 211 192 eum
230 149 282 191 de
302 152 418 192 rebus
438 154 520 192 suis
541 154 744 202 referrent,
767 162 852 194 erat
876 156 915 194 in
937 170 1080 208 magno
1101 157 1258 196 nomine
1279 164 1320 196 et

47 213 185 268 gloria.
245 213 306 253 Ex
334 228 414 266 quo
444 215 594 255 factum
624 224 693 264 est,
717 224 763 256 ut
792 231 881 256 eum
911 217 960 256 ad
991 232 1032 256 se
1062 232 1130 257 rex
1163 219 1318 258 Priscus

48 282 275 316 accerseret.
343 277 467 317 Cuius
505 292 594 318 cum
634 286 808 318 tentaret
845 280 1049 318 scientiam
1087 288 1315 333 auguratus,

48 337 156 378 dixit,
174 339 221 387 ei,
244 340 418 394 cogitare
438 354 480 380 se
499 340 710 392 quiddam;
730 341 769 380 id
791 348 974 393 possetne
994 343 1087 390 fieri,
1106 343 1314 383 consuluit.
1331 354 1359 378 1⁵

50 400 134 449 Ille,
165 403 333 455 augurio
365 410 466 449 acto,
497 416 610 455 posse
644 403 857 455 respondit.
917 404 1156 456 Tarquinius
1183 412 1316 445 autem

48 462 165 511 dixit,
190 477 232 504 se
255 465 449 517 cogitasse
472 473 599 504 cotem
625 466 815 504 novacula
840 479 950 517 posse
975 467 1156 517 praecidi.
1216 467 1316 506 Tum

50 526 211 565 Attium
232 527 390 566 iussisse
409 528 591 579 experiri.
639 528 699 566 lta
719 534 846 566 cotem
864 529 903 566 in
919 529 1123 567 comitium
1143 529 1314 576 allatam,

50 588 299 640 inspectante
329 596 369 629 et
398 603 489 642 rege
519 597 559 629 et
589 591 744 642 populo,
769 591 961 629 novacula
989 604 1072 630 csse
1101 591 1313 631 discissam.

49 649 112 689 Ex
131 663 178 690 eo
198 652 332 690 evenit
351 658 397 690 ut
417 660 457 690 et
477 652 716 704 Tarquinius
735 666 885 705 augure
906 654 1021 692 Attio
1042 653 1172 693 Navio
1191 660 1316 693 utere·
1328 665 1360 689 20

49 718 127 761 tur,
150 719 194 752 et
220 713 390 765 populus
419 714 468 752 de
497 715 578 753 suis
608 715 723 754 rebus
742 715 792 753 ad
822 728 912 754 eum
941 715 1117 754 referret.
1176 716 1316 755 Cotem

48 781 186 814 autem
215 775 323 814 illam
344 782 384 815 et
404 776 637 815 novaculam
660 777 858 818 defossam
878 777 918 816 in
938 778 1099 817 comitio
1118 791 1316 829 supraque

50 837 282 890 impositum
303 838 438 890 puteal
458 839 690 890 accepimus,

250 1004 800 1040 XXXIV.—NEGLECTED
825 1005 1119 1042 WARNINGS.

106 1113 217 1154 Bello
240 1113 392 1153 Punico
415 1113 588 1153 secundo
607 1127 738 1153 nonne
763 1113 804 1153 C.
827 1113 1045 1153 Flaminius
1069 1115 1202 1153 consul
1227 1128 1318 1167 neg-

50 1175 151 1216 lexit
179 1177 292 1229 signa
320 1189 452 1215 rerum
482 1176 708 1215 futurarum
737 1190 881 1229 magna
909 1190 997 1215 cum
1027 1177 1136 1216 clade
1166 1177 1318 1228 reipub-

51 1238 165 1278 licae}
213 1237 301 1287 Qui,
320 1239 498 1277 exercitu
514 1238 694 1285 lustrato,
713 1252 802 1277 cum
818 1239 1023 1278 Arretium
1039 1253 1175 1278 versus
1191 1245 1318 1278 castra

50 1301 242 1340 movisset
267 1306 308 1340 et
332 1307 471 1340 contra
500 1300 765 1339 Hannibalem
786 1301 960 1353 legiones
979 1301 1152 1348 duceret,
1175 1308 1216 1340 et
1235 1302 1318 1353 ipse

53 1370 94 1402 et
128 1375 253 1414 equus
284 1363 369 1402 eius
399 1368 493 1402 ante
527 1363 684 1415 signum
718 1362 822 1402 Iovis
853 1362 1023 1402 Statoris
1061 1364 1146 1402 sine
1183 1377 1343 1404 caussas

50 1431 216 1477 repente
242 1425 426 1472 concidit,
455 1438 525 1464 nec
557 1438 642 1464 eam
663 1438 746 1463 rem
775 1424 916 1463 habuit
943 1425 1135 1477 religioni,
1165 1425 1319 1465 obiecto

51 1488 176 1540 signo,
211 1493 259 1526 ut
291 1487 430 1539 peritis
463 1486 684 1534 videbatur,
721 1500 770 1526 ne
808 1487 1076 1526 committeret
1112 1487 1316 1539 proelium.

52 1549 166 1590 Idem
195 1563 285 1589 cum
313 1549 491 1601 tripudio
519 1549 800 1600 auspicaretur,
826 1549 1017 1600 pullarius
1045 1549 1151 1588 diem
1180 1549 1318 1600 proelii

51 1611 330 1652 committendi
349 1611 568 1651 differebat.
627 1611 730 1650 Tum
750 1610 967 1650 Flaminius
983 1625 1033 1650 ex
1048 1625 1094 1651 eo
1109 1611 1316 1662 quaesivit,

51 1675 85 1714 si
114 1687 164 1714 ne
193 1680 331 1726 postea
359 1673 521 1725 quidem
551 1673 649 1725 pulli
678 1679 942 1725 pascerentur,
969 1673 1065 1724 quid
1094 1672 1318 1712 faciendum
1332 1685 1361 1710 10

51 1742 240 1776 censeret.
300 1735 402 1776 Cum
418 1736 484 1775 ille
497 1735 780 1787 quiescendum
795 1735 1072 1787 respondisset,
1088 1735 1320 1774 Flaminius:

55 1798 297 1839 “Praeclara
326 1812 421 1838 vero
448 1799 632 1850 auspicia,
655 1798 687 1837 si
717 1798 982 1837 esurientibus
1006 1797 1123 1849 pullis
1152 1810 1213 1836 res
1235 1796 1319 1849 geri

52 1861 211 1913 poterit,
234 1861 380 1900 saturis
406 1861 504 1899 nihil
528 1859 726 1913 geretur'’.
786 1859 928 1911 Itaque
948 1860 1060 1912 signa
1083 1859 1262 1906 convelli,
1279 1864 1322 1898 et

52 1936 94 1963 se
113 1924 226 1976 sequi
246 1924 372 1963 iussit.
432 1923 520 1972 Quo
540 1929 729 1974 tempore,
746 1935 835 1961 cum
856 1921 1021 1974 signifer
1040 1922 1157 1973 primi
1173 1921 1319 1960 hastati

53 1986 212 2038 signum
235 1999 315 2026 non
342 1993 476 2038 posset
495 1998 654 2024 movere
674 1984 769 2032 loco,
792 1998 863 2023 nec
882 1983 1100 2036 quidquam
1121 1983 1320 2036 proficere·
1332 1997 1362 2022 15

52 2054 121 2087 tur
148 2047 282 2100 plures
311 2061 400 2086 cum
429 2047 671 2094 accederent,
693 2046 922 2093 Flaminius,
954 2059 995 2085 re
1025 2046 1218 2093 nuntiata,
1249 2058 1321 2084 suo

52 2123 162 2150 more
188 2109 379 2164 neglexit.
439 2109 581 2161 Itaque
609 2109 738 2148 tribus
768 2108 875 2149 horis
906 2109 1083 2148 concisus
1111 2107 1319 2154 exercitus,

51 2177 178 2229 atque¹
189 2172 278 2224 ,ipse
297 2171 532 2212 interfectus
552 2177 621 2211 est.
