1492 2407
158 74 199 107 16
565 79 718 104 sromsss
744 79 846 104 raom
872 79 1015 105 menno.

400 200 407 215 ¹
435 235 857 271 XIL—CONTEMPT
890 234 954 269 OF
987 235 1128 270 PAIN.

207 339 368 378 Solebat
398 351 556 377 narrare
585 338 808 389 Pompeius
841 350 892 385 se,
922 351 1012 376 cum
1041 337 1229 377 Rhodum
1250 340 1424 380 venisset

151 401 345 440 decedens
366 414 415 439 ex
436 400 561 452 Syria,
584 399 722 439 audire
747 399 917 439 voluisse
937 400 1214 440 Posidonium:
1243 401 1313 441 sed
1333 416 1423 442 cum

151 463 327 501 audisset
361 476 452 501 eum
489 463 665 514 graviter
699 476 781 502 esse
814 476 988 515 aegrum,
987 492 1010 523 f,
1025 463 1134 515 quod
1166 464 1424 504 vehementer

152 526 235 564 eius
255 532 366 563 artus
386 524 812 581 laborarent„voluisse
833 532 967 565 tamen
989 526 1279 566 nobilissimum
1298 527 1423 579 philo-

126 587 320 639 5sophum
340 588 484 626 visere:
515 601 633 638 quem
662 594 709 626 ut
732 587 896 627 vidisset
917 596 957 627 et
985 589 1239 629 salutavisset
1267 589 1423 629 honori-

150 650 311 701 ficisque
343 650 473 688 verbis
506 655 738 701 prosecutus
770 656 872 689 esset
903 651 1147 703 molesteque
1180 665 1221 690 se
1254 651 1422 691 dixisset

150 713 263 760 ferre,
291 712 398 764 quod
424 726 516 751 eum
542 726 622 751 non
648 719 780 764 posset
806 713 945 752 audire
954 729 964 761 ;
993 720 1036 752 at
1064 713 1140 761 ille,
1167 713 1263 753 “Tu
1286 710 1418 762 vero⁵’,

150 775 292 827 inquit,
320 780 340 796 “
353 781 483 826 potes:
514 789 585 814 nec
605 776 863 823 committam,
887 782 932 814 ut
952 775 1066 815 dolor
1085 776 1258 827 corporis
1279 776 1421 815 efficiat

150 844 197 876 ut
225 838 374 876 frustra
402 844 539 876 tantus
563 838 625 876 vir
648 837 699 876 ad
728 852 791 877 me
816 838 1007 877 venerit''.
1067 838 1210 890 Itaque
1233 839 1421 878 narrabat

109 913 242 940 ioeum
270 900 448 952 graviter
476 906 517 939 et
546 900 700 952 copiose
720 900 769 939 de
798 900 871 939 hoc
900 901 996 952 ipso,
1028 900 1127 939 nihil
1157 914 1240 940 esse
1270 901 1420 940 bonum

150 963 225 1001 nisi
249 962 357 1013 quod
386 962 597 1001 honestum
627 969 739 1011 esset,
766 963 977 1002 cubantem
1003 962 1285 1014 disputavisse:
1317 977 1420 1002 cum-

150 1039 227 1076 que
250 1025 363 1076 quasi
392 1025 496 1064 faces
523 1025 558 1063 ei
587 1024 734 1064 doloris
762 1025 1081 1073 admoverentur,
1113 1039 1229 1077 saepe
1257 1025 1416 1074 dixisse,

153 1087 300 1126 “Nihil
328 1088 423 1139 agis,
450 1087 580 1126 dolor:
610 1088 791 1139 quamvis
821 1088 872 1126 sis
902 1087 1102 1135 molestus,
1131 1101 1349 1138 numquam
1378 1093 1419 1127 te

150 1163 233 1188 esse
272 1150 488 1188 confitebor
525 1149 675 1188 malum
689 1149 717 1189 ⁷².
782 1150 1034 1201 Omninoque
1072 1162 1208 1188 omnes
1246 1149 1340 1188 clari
1378 1154 1419 1188 et

109 1223 140 1248 15
150 1212 351 1252 nobilitati
372 1212 525 1252 labores
546 1211 836 1252 contemnendo
856 1212 959 1251 fiunt
979 1212 1100 1251 etiam
1119 1211 1355 1251 tolerabiles.

368 1379 750 1414 XIII.—THEORY
784 1379 896 1413 AND
929 1378 1194 1414 PRACTICE.

203 1481 459 1521 Heracleotes
489 1482 717 1534 Dionysius,
741 1495 830 1520 cum
849 1495 872 1520 a
892 1481 1052 1521 Zenone
1080 1481 1196 1520 fortis
1216 1494 1299 1520 esse
1319 1480 1419 1520 didi-

149 1544 275 1592 cisset,
311 1558 334 1583 a
367 1544 504 1584 dolore
537 1544 731 1583 dedoctus
766 1550 835 1583 est.
901 1543 1007 1582 Nam
1041 1556 1131 1582 cum
1169 1556 1220 1582 ex
1255 1543 1418 1582 renibus

147 1605 355 1654 laboraret,
379 1607 465 1658 ipso
493 1607 535 1645 in
560 1606 711 1645 eiulatu
731 1606 960 1645 clamitabat
984 1605 1083 1644 falsa
1107 1619 1190 1645 esse
1215 1605 1293 1653 illa,
1316 1618 1418 1656 quae

147 1674 265 1707 antea
297 1668 347 1707 de
380 1669 516 1708 dolore
549 1669 632 1720 ipse
666 1669 861 1708 sensisset.
921 1668 1048 1717 Quem
1081 1681 1172 1706 cum
1205 1667 1417 1707 Cleanthes

123 1730 441 1782 scondiscipulus
469 1738 638 1784 rogaret,
670 1744 865 1782 quaenam
893 1731 996 1769 ratio
1026 1743 1118 1769 eum
1141 1730 1190 1768 de
1219 1729 1418 1768 sententia

147 1791 390 1841 deduxisset,
412 1793 628 1845 respondit,
656 1793 800 1842 “Quia,
825 1807 915 1832 cum
939 1798 1100 1832 tantum
1124 1804 1266 1844 operae
1293 1790 1418 1843 philo-

148 1855 309 1906 sophiae
328 1854 535 1904 dedissem,
558 1856 736 1895 dolorem
755 1862 891 1894 tamen
910 1855 1014 1894 ferre
1033 1868 1114 1894 non
1132 1867 1298 1906 possem,
1320 1853 1416 1892 satis

148 1923 252 1956 esset
274 1918 511 1969 argumenti,
534 1918 684 1956 malum
708 1931 790 1957 esse
810 1918 998 1957 dolorem.
1056 1916 1255 1956 Plurimos
1281 1921 1417 1954 autem

148 1992 272 2018 annos
287 1979 329 2018 in
344 1979 594 2031 philosophia
610 1980 844 2033 consumpsi,
863 1993 935 2020 nec
949 1979 1054 2019 ferre
1068 1992 1247 2031 possum:
1267 1977 1417 2016 malum

109 2050 140 2075 10
150 2047 210 2079 est
228 2041 353 2094 igitur
371 2041 519 2082 dolor.⁷'

1155 2278 1200 2310 (Η
1214 2280 1284 2312 117)
